1638 2937
944 7 948 26 l

934 28 944 107 ll!

257 195 356 257 394
419 189 512 238 JO.
543 178 1046 235 FREINSHEMII
1093 184 1448 234 SUPPLEM.·

263 301 342 348 set,
365 305 431 345 ut,
452 296 541 348 quia
565 293 716 335 distrahi
740 293 942 344 nequibat,
960 306 981 332 a
1003 293 1194 334 militibus
1221 301 1541 345 corrumperetur.

316 357 452 399 XXX.
479 356 628 396 Interea
654 352 834 393 Lucullus
855 353 1024 392 Amisum
1043 355 1079 394 Sc
1101 354 1346 404 Eupatoriam
1372 353 1541 394 obsidere

257 430 455 470 coeperat,
478 416 588 457 simul
615 425 721 468 parte
751 417 943 455 exercitus
975 416 1026 456 ad
1049 417 1352 467 oppugnandam
1378 415 1534 456 Themi.

259 482 407 533 scyram
430 480 559 528 missa,
586 492 668 530 quae
686 478 734 517 ad
748 477 1107 518 Thermodoontem
1133 478 1293 518 fluvium
1312 479 1540 528 Amazonis,

256 557 280 583 a
303 556 377 595 qua
403 542 561 582 condi-ta
587 539 700 589 esset,
727 539 868 579 habere
896 554 1040 580 nomen
1067 540 1278 580 dicebatur.
1318 541 1394 580 Hic
1417 539 1542 591 operi-

254 605 328 647 bus
356 604 620 654 cuniculisque
647 611 792 643 tentata
815 605 946 641 omnia
971 602 1085 651 sunt,
1115 602 1179 652 qui
1216 610 1298 642 tum
1333 602 1450 653 ampli
1475 603 1536 641 fo-

259 670 462 710 diebantur
479 698 490 714 7
520 674 562 706 ut
593 666 822 715 quandoque
848 665 889 703 in
918 666 975 703 eis
1000 663 1104 704 velut
1127 664 1376 704 subterraneae
1402 663 1562 715 pugnae'

256 734 402 774 fierent.
436 731 508 771 Eos
536 728 670 769 obseffi
699 727 857 778 superne
885 726 1128 777 aperiebant,
1156 725 1401 777 immissisque
1426 727 1538 776 ursis,

257 799 294 836 ἃ
317 795 399 834 aliis
425 792 574 839 bestiis,
601 790 796 829 interdum
817 792 852 829 Sc
880 802 998 840 apum
1020 788 1282 838 examhiibus,
1305 802 1394 837 eos,
1410 789 1474 840 qui
1496 789 1538 829 in

260 871 375 910 opere
405 863 513 895 erant
529 884 540 900 .‚
563 852 668 891 omni
693 864 830 901 genere
860 850 1085 891 calamitatis
1109 849 1309 889 vexabant.

310 916 466 958 XXXI.
507 914 615 953 Circa
644 911 813 953 Amisum
841 911 989 962 segnior
1015 911 1162 950 obsidio
1190 919 1292 958 erat,
1318 911 1353 951 &
1379 910 1539 950 Mithri-

256 981 362 1020 dates
375 1010 386 1027 ,
403 977 532 1016 audito
547 1006 558 1024 ,
575 988 659 1014 eam
684 975 761 1013 fine
784 973 926 1024 proeliis
951 974 1121 1022 affided,
1146 981 1307 1024 recepto.
1321 973 1450 1012 animo
1467 973 1536 1013 Ca-

253 1043 343 1083 biris
376 1040 612 1085 substiterat,
646 1037 762 1076 alium
797 1037 1008 1076 exercitum
1045 1035 1241 1086 colligens.
1281 1036 1329 1075 ld
1353 1035 1535 1076 Lucullus
1602 1039 1607 1046 ”

250 1118 331 1145 non
364 1115 460 1153 aegre
488 1100 731 1152 patiebatur,
755 1099 1195 1150 reprehendentibusque
1226 1099 1380 1138 dicebat
1397 1130 1409 1148 ‚
1438 1112 1536 1139 con-

250 1166 350 1207 sulto
375 1164 413 1203 se
440 1164 481 1202 id
509 1175 643 1213 agere,
669 1175 737 1210 ne,
762 1161 874 1200 rebus
896 1160 1125 1211 desperatis,
1155 1160 1203 1199 ad
1219 1160 1424 1211 Tigranem
1445 1172 1536 1199 con-

247 1229 398 1280 fugiens
421 1227 535 1266 hostis
549 1257 560 1275 ,
586 1228 772 1275 majorem
793 1223 883 1263 belli
905 1222 1048 1262 molem
1073 1224 1293 1262 concitaret.
1322 1223 1443 1273 Igitur
1461 1222 1536 1263 Mi-

251 1290 436 1330 thridates
450 1320 459 1336 ,
475 1287 676 1329 contraitis
701 1286 950 1336 quadraginta
973 1285 1095 1324 ferme
1118 1284 1307 1335 peditum,
1326 1286 1413 1323 octo
1428 1285 1535 1334 equi-

251 1363 336 1393 tum
363 1351 561 1398 minibus,
589 1348 860 1399 Diophantum
887 1350 922 1388 ὁὶ
947 1339 1126 1388 Taxilem
1159 1359 1245 1384 cum
1272 1347 1379 1385 novis
1410 1345 1534 1396 copiis

251 1416 300 1455 ad
319 1416 461 1465 priores
487 1411 682 1462 praefectos
705 1410 824 1456 misit,
847 1423 867 1449 a
885 1409 1024 1460 quibus
1045 1408 1215 1450 Amisum
1243 1408 1424 1447 destinata
1446 1406 1534 1447 sub-

247 1478 361 1525 sidia,
385 1477 418 1516 5<
434 1475 644 1525 frequentia
665 1473 846 1524 equestria
872 1472 1077 1511 certamina
1092 1502 1102 1519 ,
1121 1470 1192 1513 sed,
1207 1470 1314 1512 nullo
1329 1470 1472 1509 eximio
1492 1469 1534 1508 in

249 1541 469 1581 alterutram
496 1544 643 1588 partem
674 1543 874 1574 momento
893 1565 904 1583 ,
931 1535 1031 1574 faeta
1060 1533 1164 1578 sunt.

304 1598 482 1641 XXXII.
516 1597 619 1637 Dum
652 1596 734 1634 haec
763 1609 782 1634 a
810 1595 1037 1635 Mithridate
1075 1597 1109 1635 ἃ
1138 1593 1300 1635 Lucullo
1328 1601 1532 1645 geruntur,

246 1665 307 1706 Μ.
335 1663 447 1702 Cotta
480 1659 683 1712 proconsul
707 1659 880 1699 prusiada
900 1658 1087 1710 Bithyniae
1110 1658 1227 1697 venit.
1268 1657 1357 1696 inde
1383 1657 1533 1696 Pontici

249 1726 364 1766 maris
397 1736 502 1763 oram
526 1721 657 1772 legens
691 1721 739 1760 ad
766 1718 992 1760 Heracleam
1021 1718 1184 1758 aCCeffit.
1213 1716 1272 1757 lbi
1296 1717 1382 1767 quia
1405 1716 1533 1768 pacati

249 1785 349 1826 nihil
378 1784 703 1835 respondebatur,
735 1783 903 1822 adducto
933 1783 982 1821 ad
1012 1782 1153 1822 moenia
1184 1781 1380 1829 exercitu,
1411 1794 1533 1831 oppu-

248 1847 468 1899 gnationem
497 1853 641 1884 tentare
673 1856 751 1882 non
777 1843 908 1892 ausus,
934 1857 1001 1894 per
1026 1851 1150 1894 partes
1171 1842 1398 1882 Heracleam
1423 1841 1532 1880 affui.
1597 1892 1602 1897 Ἢ

248 1911 381 1958 tabat,
405 1920 548 1959 paucos
577 1907 738 1946 subinde
764 1907 962 1946 Romanos
990 1906 1130 1945 milites
1146 1936 1157 1954 ‚
1179 1905 1245 1945 sed
1273 1918 1454 1955 magnum
1471 1904 1530 1943 Bi-

245 1970 457 2021 thynorum
489 1981 691 2007 numerum
727 1966 919 2006 moenibus
955 1967 1175 2006 admovens.
1211 1965 1287 2005 Sed
1313 1977 1399 2003 cum
1427 1963 1530 2002 inani

247 2033 404 2082 incepto
431 2030 530 2069 nihil
557 2030 690 2080 praete‘r
717 2028 872 2068 vulnera
899 2036 1131 2079 reportaret,
1160 2027 1345 2065 testudine
1369 2024 1529 2074 effecta,

247 2093 428 2135 adhibuit
461 2093 639 2139 arietem,
672 2093 707 2130 δε
737 2090 899 2137 turrim,
930 2103 1012 2140 quae
1047 2088 1222 2130 adversus
1247 2087 1324 2127 vim
1353 2100 1433 2126 non
1462 2087 1529 2126 diu

247 2156 423 2195 duratura
449 2154 651 2193 videbatur
668 2184 681 2200 ,
706 2151 853 2202 pulsare
880 2150 1049 2190 instituit.

300 2215 493 2257 XXXIII.
528 2214 601 2255 Sed
627 2213 692 2252 ubi
720 2213 838 2252 semel
864 2214 1081 2262 iterumque
1106 2210 1283 2261 percussa
1303 2210 1416 2248 turris
1450 2222 1530 2249 non

244 2278 363 2317 modo
394 2284 527 2326 praeter
555 2275 780 2325 opinionem
806 2274 959 2322 restitit,
988 2272 1053 2312 sed
1082 2274 1199 2310 etiam
1228 2271 1353 2311 arietis
1385 2270 1528 2321 persta.

247 2339 355 2381 <tuni
381 2346 497 2387 caput
525 2337 605 2384 est3‘
628 2335 865 2377 Heracleotae
899 2334 1002 2373 bono
1034 2333 1189 2381 animo,
1215 2331 1422 2383 proconsul
1450 2330 1530 2369 ini-

299 2453 320 2495 ς
345 2452 467 2484 XXIX.
493 2453 580 2485 Plut.
612 2453 644 2484 in
672 2452 803 2483 Lucull.
823 2463 850 2483 c.
878 2460 928 2489 ας.
955 2449 1085 2483 Saiiust.
1112 2449 1258 2494 Appiam.
1284 2448 1435 2499 §XXX‚
1454 2448 1526 2492 Apa

246 2497 338 2543 plan.
365 2497 454 2533 plur.
478 2495 607 2530 Sallust.
632 2496 653 2541 §
678 2496 805 2547 XXXI.
827 2494 1004 2529 Memnon.
