1638 2937
269 171 346 216 IN
383 168 553 214 LOC.
594 167 722 212 LIB.
763 165 889 210 XCII
931 165 1070 210 LIV.
1241 177 1331 223 337

47 279 254 328 pompejus
288 275 504 316 consortem
537 273 676 321 ⁴aloriae.
715 269 918 310 Animosus
956 270 1061 306 enim
1099 268 1211 307 rebus
1250 281 1336 318 pru-

44 340 154 391 spere
171 340 301 390 gestis,
319 338 424 388 quod
447 336 646 385 Segidam,
669 332 838 371 nobilem
864 329 1078 371 Celtiberiae
1100 331 1255 379 urbem,
1277 343 1338 367 ce-

47 411 182 452 perat,
214 402 251 439 &
272 399 440 438 secundo
474 398 521 435 ad
558 396 702 434 flumen
734 393 893 432 Duriam
930 391 1070 442 proelio
1098 394 1236 430 ducem
1264 393 1335 430 lio-

47 465 160 503 stium
186 464 228 502 C.
254 461 492 502 Herennium
523 471 610 497 cum
643 458 777 497 decem
811 455 974 505 amplius
1010 454 1215 492 hominum
1249 455 1338 492 mil-2

47 523 171 572 libus,
200 527 234 564 ὁὶ
262 524 354 563 urbe
379 521 557 563 Valentia
582 519 801 566 deleverat3
835 516 935 555 solus
965 528 1054 554 cum
1080 516 1248 555 Sertorio
1274 517 1339 553 de-

50 594 195 625 certare
217 584 420 635 cupiebat:
441 596 489 621 ne
512 582 605 621 saeva
623 580 780 630 quidem
806 576 1028 627 tempestate
1052 577 1202 614 territus
1217 608 1227 622 ‚
1247 589 1338 615 cum

48 648 180 687 sereno
217 655 373 697 repente
401 644 501 683 coelo
536 643 668 682 crebra
704 653 794 679 curn
822 640 969 690 ingenti
993 638 1141 688 fragore
1167 637 1336 676 fulmina

46 709 245 748 micarent.
287 706 413 746 Dilata
447 714 576 744 tamen
602 704 642 742 in
673 702 867 754 vesperam
907 711 1034 750 pugna
1069 697 1144 745 est,
1180 698 1337 737 Sertorii
1368 747 1373 753 ,

51 770 156 817 astu,
190 769 254 818 qui
285 767 455 806 hostibus
491 765 666 803 locorum
692 763 909 814 ignorantia
945 773 1068 810 neque
1105 759 1153 798 ad
1186 759 1267 809 fugi
1273 772 1342 797 en-

51 832 173 879 dum,
210 842 334 879 neque
359 828 408 867 ad
435 826 763 877 persequendum,
797 822 1068 900 qualiscunque
1094 820 1169 859 sors
1209 819 1337 871 prcelii

50 894 202 943 fuisset,
224 893 361 932 utilem
383 892 466 930 fore
484 921 496 939 ,
523 889 767 941 praevidebat.

113 956 164 995 ΙΙ.
199 955 312 994 Forte
350 953 398 991 fic
434 960 638 999 evenerat,
675 961 718 990 ut
749 953 814 991 Ser
818 950 935 991 torius
965 957 1098 989 contra
1122 948 1339 1000 *Afranium

50 1018 92 1056 in
120 1017 200 1055 acie
220 1012 476 1062 consisteret,
515 1013 793 1064 Pompejusque
821 1025 909 1051 cum
940 1013 1126 1061 Perperna
1161 1009 1341 1063 congres-

50 1076 133 1124 sus,
160 1076 374 1125 impelleret
403 1074 513 1125 illum
531 1105 544 1121 ,
571 1076 821 1124 caederetque.
855 1074 984 1122 Quare
1008 1073 1230 1116 Sertorius,>
1247 1083 1339 1120 pro·

49 1151 140 1188 pere
166 1135 366 1175 cornmiffo
394 1134 478 1173 aliis
500 1133 664 1172 ducibus
691 1134 832 1171 dextro
857 1145 997 1180 cornu,
1025 1132 1210 1172 succurrit
1231 1131 1339 1170 labo-

49 1198 220 1238 rantibus
237 1226 248 1244 ,
276 1198 310 1235 6:
341 1194 435 1234 alios
460 1193 820 1244 circumspec‘tantes
853 1193 1013 1243 fugam,
1041 1193 1133 1232 alios
1161 1195 1242 1242 jam
1274 1206 1341 1243 pa-

50 1261 173 1299 lantes
192 1258 364 1308 colligit,
388 1258 639 1307 Pompejique
654 1256 851 1295 victoriam
865 1287 876 1303 ,
901 1257 1063 1306 graviter
1087 1259 1251 1308 urgentis
1270 1259 1343 1309 im-

50 1330 210 1373 petum,
233 1320 332 1358 {istit-
361 1319 420 1358 lbi
437 1320 491 1357 vir
509 1319 608 1357 vasta
635 1318 805 1367 corporis
828 1318 1093 1365 magnitudine
1113 1319 1152 1356 in
1174 1318 1339 1368 Pompe-

49 1371 132 1433 jum
154 1382 323 1432 equitem
341 1381 456 1430 pedes
483 1379 519 1418 se
539 1379 690 1418 intulit:
716 1378 977 1428 consertisque
993 1379 1142 1418 ensibus
1161 1380 1340 1419 dextram

49 1444 204 1484 alterius
225 1442 320 1482 alter
347 1442 479 1492 petiit:
508 1440 572 1479 sed
601 1441 742 1491 aequior
764 1440 952 1490 Pompejo
977 1440 1055 1479 sors
1073 1441 1172 1487 fuit,
1194 1444 1253 1490 ὁὶ,
1277 1453 1341 1480 ac-

51 1515 166 1553 cepto
192 1501 367 1549 vulnere,
388 1514 547 1540 manum
570 1499 686 1539 hostis
711 1500 935 1550 amputavit.
962 1501 1012 1539 At
1033 1500 1192 1540 multis
1183 1514 1222 1544 m
1245 1493 1341 1546 eum.

49 1566 90 1605 se
110 1564 381 1610 incitantibus,
408 1576 497 1602 cum
521 1563 635 1602 etiam
659 1563 762 1602 hasta
789 1564 829 1601 in
858 1563 1003 1602 femore
1025 1564 1186 1614 graviter
1208 1563 1342 1612 laesus,

52 1642 74 1668 a
101 1627 175 1666 suis
207 1626 444 1677 fugientibus
470 1625 725 1673 desereretur,
754 1639 793 1676 Ρ
782 1622 888 1664 raeter
916 1625 1023 1676 spem
1049 1638 1117 1663 eva
1122 1625 1174 1665 iit.
1208 1623 1262 1674 Er
1257 1639 1339 1664 uus

51 1701 145 1727 auro
172 1685 413 1738 phalerisque
437 1687 588 1725 eximiis
612 1687 840 1734 adornatus,
864 1686 957 1724 dum
971 1693 1121 1735 captus
1132 1678 1199 1725 ab
1221 1685 1342 1733 Afris,

53 1751 201 1789 divitis
206 1762 263 1799 pr
254 1748 342 1788 ede
371 1748 527 1797 objectu
560 1747 787 1788 altercantes
822 1743 931 1786 inter
947 1746 984 1786 se
1007 1746 1189 1786 barbaros
1197 1760 1231 1798 a
1251 1760 1343 1815 per7

52 1812 248 1861 iequendo
277 1809 439 1857 retinet,
468 1808 655 1860 effugium
679 1810 852 1849 domino
867 1808 988 1848 dedit.

106 1874 174 1914 III.
204 1875 307 1914 Dum
331 1872 409 1912 hoc
441 1885 583 1921 cornu,
615 1872 655 1911 in
680 1885 755 1922 quo
782 1873 989 1923 Pompejus
1014 1880 1236 1921 curaverat,
1262 1873 1345 1920 vin-

56 1936 177 1984 citur,
201 1932 362 1975 vicissim
392 1934 431 1973 hi
447 1948 494 1984 ,a
518 1903 657 1985 quibus
687 1929 876 1973 Sertorius
902 1933 1138 1983 discesserat,
1165 1933 1213 1974 ab
1236 1935 1345 1973 Aira-

54 2000 120 2037 nio
137 2006 332 2037 vertuntur
357 1999 400 2036 in
422 1997 554 2047 fugam
569 2027 580 2044 ,
604 1988 898 2046 adeopercullis
923 1995 1094 2034 hostibus
1110 2026 1120 2043 ,
1142 2005 1186 2035 ut
1211 2009 1259 2034 ne
1283 1995 1345 2035 cass

54 2060 125 2098 stra
149 2060 308 2109 quidem
332 2058 601 2105 defenderent,
620 2071 695 2107 quo
721 2058 847 2095 minus
871 2056 918 2095 ab
934 2056 1150 2096 Afranianis
1160 2087 1178 2107 „a
1201 2057 1342 2096 eodem

53 2123 203 2171 impetu
226 2120 391 2160 vistoriae
425 2118 783 2170 perrumpentibus,
808 2119 1084 2168 diriperentur:
1119 2118 1252 2168 frustra
1281 2122 1345 2157 ve'-

55 2191 163 2221 tante
191 2183 338 2233 legato,
369 2183 456 2232 quia
491 2181 665 2231 Pompeji
689 2181 844 2220 fortuna
875 2181 994 2231 qualis
1031 2180 1159 2219 fuiffet
1194 2181 1346 2233 ignora.

55 2244 189 2291 batur,
222 2245 310 2294 quia
342 2244 507 2283 tenebrae
529 2245 608 2292 jam
641 2242 1061 2289 oborientesjobtentui
1088 2240 1348 2293 delinquenti-

107 2370 128 2413 §
161 2370 188 2401 1.
217 2369 304 2402 Flor.
330 2377 373 2411 3,
393 2379 446 2401 22.
468 2368 544 2401 Liv.
565 2367 656 2411 Epir
678 2367 768 2402 Plut.
798 2367 832 2401 in
859 2349 987 2402 sertor.
1011 2377 1038 2401 c.
1059 2376 1100 2410 30
1123 2368 1287 2412 &Pomp.
1315 2383 1347 2405 c.

0 2445 1 2456 ,
59 2413 232 2455 2901ss
256 2425 293 2454 5,
310 2414 363 2445 26.
391 2413 520 2448 Sallust.
542 2413 688 2458 Appian.
715 2415 807 2475 civil.
832 2415 854 2447 l.
883 2426 912 2449 1
938 2414 1024 2459 511.
1051 2414 1142 2447 Plut.
1160 2415 1194 2447 in
1207 2416 1346 2482 Sertor

0 2471 1 2512 i
59 2458 93 2490 ὅ(
120 2457 234 2500 Ροῑημ
261 2458 407 2501 Appian

159 2516 208 2559 T.
238 2516 330 2560 ων.
361 2517 457 2560 Vol
484 2506 574 2564 ΙΧ.
1084 2510 1126 2557 Y
