1638 2937
283 169 380 227 ·176
437 169 532 216 JO.
577 169 1083 215 FREINSHEMII
1135 170 1500 220 SUPPLEM.

282 275 394 315 missu
422 275 659 315 Mithridatis
684 275 962 315 Droniichaetes
990 288 1079 315 eum
1103 276 1213 316 novis
1240 276 1435 317 Thracum
1459 276 1564 317 auxi,-

284 338 344 377 liis
374 338 493 377 affuit.

335 400 442 440 XIV.
458 398 663 439 Archelaus
686 399 822 449 igitur,
838 398 1034 448 pugnandi
1053 400 1221 438 Γιᾶυηιε
1244 398 1423 449 copiam,
1437 400 1564 438 aciem

280 464 336 504 ita
363 462 549 513 applicuit
577 462 751 511 oppido,
771 468 813 499 ut
830 475 851 499 a
875 461 1068 500 moenibus
1092 473 1245 510 quoque
1275 461 1392 509 adjici
1417 462 1466 500 ad
1485 461 1569 502 Ros

277 538 415 566 manos
454 524 530 563 tela
566 523 716 573 possent
746 536 755 561 :
792 521 887 561 alios
920 523 1061 562 deinde
1097 522 1247 560 facibus
1275 530 1440 561 armatos
1469 523 1565 562 intra

272 600 397 639 portas
411 587 548 638 figlina-n
573 585 767 635 erumpendi
801 585 995 636 exspeflare
1020 583 1134 632 juffit.
1169 582 1306 622 Proelio
1338 583 1564 633 commisso,

276 649 468 699 fugientes
506 646 592 685 suos
626 647 787 696 impigre
821 646 999 684 obsistens
1038 645 1245 685 Archelaus
1281 647 1403 686 redire
1434 647 1562 698 coegit

278 712 322 750 in
354 709 533 748 hostem:
571 708 676 747 unde
712 706 875 746 viciffim
910 708 1087 747 Romana
1119 708 1219 747 acies
1250 709 1393 758 pedem
1421 710 1561 748 referre

274 776 408 826 coepit.
431 774 504 814 Sed
521 773 727 814 aMuraena
753 771 915 811 cohibiti
938 773 1174 812 restiterunt:
1204 772 1335 821 simul³
1350 774 1414 823 qui
1440 773 1562 824 ligna-

273 848 357 877 tum
379 836 594 883 exiverant,
615 835 773 883 reversi,
803 835 973 884 itemque
995 833 1081 882 alii,
1110 834 1173 884 qui
1196 834 1419 884 ignominiae
1447 833 1559 872 causa

271 897 424 937 seorfim
442 894 682 942 tendebant,
706 901 964 933 accurrerunt.
1001 893 1218 944 horumque
1256 894 1403 933 strenua
1441 907 1558 943 opera

268 962 421 1002 factum
457 958 533 1005 est,
564 966 608 996 ut
647 958 767 1008 regii,
794 957 944 997 duobus
974 956 1145 996 militum
1179 956 1354 996 millibus
1388 955 1558 1004 amiffis,

270 1023 369 1061 intra
397 1032 525 1059 muros
547 1018 884 1069 compellerentur.

328 1082 414 1122 XV.
455 1079 692 1126 Archelaus,
731 1081 823 1119 dum
859 1080 910 1119 ad
943 1080 1166 1120 retinendos
1198 1080 1284 1120 suos
1316 1087 1398 1119 tota
1427 1088 1557 1120 mente

273 1142 503 1195 conversus,
535 1142 695 1181 salutem
734 1141 837 1181 suam
874 1142 1060 1193 negligit3
1107 1143 1265 1182 occlusis
1302 1144 1381 1191 jam
1417 1143 1557 1193 oppidi

271 1207 418 1258 portis,
441 1204 535 1243 fune
561 1204 599 1241 in
630 1204 773 1243 moenia
796 1203 1004 1243 subductus
1031 1205 1093 1242 est.
1135 1203 1261 1251 Sulla,
1283 1204 1333 1242 ob
1362 1204 1554 1254 egregiam

270 1280 428 1320 operam
454 1267 618 1305 laudatis
652 1266 862 1315 militibus,
893 1267 1100 1316 demtaque
1128 1267 1197 1313 iis,
1226 1267 1291 1315 qui
1313 1266 1435 1304 notati
1466 1266 1555 1304 fue-

267 1340 372 1377 rant,
394 1328 629 1380 ignominia,
653 1342 742 1368 cum
760 1338 938 1380 appetere
965 1328 1132 1367 hiemem
1156 1329 1326 1376 videret,
1343 1327 1480 1366 relicus
1502 1327 1553 1366 ad.

267 1404 384 1442 opera
422 1390 629 1441 praesidiis,
658 1390 774 1430 castra
810 1390 859 1429 ad
894 1390 1108 1430 Eleusmem
1145 1390 1278 1430 movit.
1325 1389 1552 1439 Equitabilis

267 1467 316 1492 eo
340 1452 427 1492 loco
452 1451 632 1503 planities
656 1460 747 1491 erat.
778 1453 814 1492 Sc
836 1464 881 1490 eo
905 1463 1042 1502 genere
1058 1451 1255 1501 copiarum
1280 1450 1403 1489 hostes
1430 1451 1552 1491 abun-

267 1515 423 1556 dabant.
447 1515 567 1565 Igitur
591 1514 719 1564 Sulla,
742 1527 791 1553 ne
820 1527 954 1553 eorum
978 1522 1124 1564 pateret
1145 1513 1443 1561 incursionibus,
1466 1513 1552 1552 fos-

264 1578 345 1617 sam
379 1577 615 1628 profundam
648 1589 669 1615 a
703 1575 897 1615 montibus
926 1576 976 1614 ad
1004 1588 1109 1614 mare
1136 1576 1274 1614 ducere
1305 1577 1437 1625 coepit.
1471 1574 1550 1614 hoc

267 1653 366 1692 opus
393 1639 624 1690 prohibituri
641 1638 790 1687 hostes,
816 1638 1039 1689 quotidiana
1066 1638 1186 1691 modo
1210 1636 1259 1676 ad
1283 1636 1441 1684 foffam,
1468 1649 1550 1674 mo*

266 1706 318 1743 do
343 1715 412 1753 pro
440 1702 633 1740 moenibus
660 1702 788 1741 Piraeei
819 1701 1028 1740 certamina
1057 1706 1269 1738 moverunt.
1299 1697 1552 1738 abundabant

265 1767 372 1803 enim
407 1763 682 1810 multitudine,
708 1763 876 1813 marique
903 1762 1024 1801 libero
1059 1761 1279 1809 utentibus,
1308 1762 1342 1800 δε
1375 1772 1548 1809 expone-

266 1839 306 1865 re
330 1825 416 1865 suos
439 1824 505 1863 ubi
532 1824 742 1873 volebant,
778 1827 813 1865 ἃ
842 1826 1036 1876 recipere,
1060 1828 1120 1874 Sc,
1150 1837 1378 1876 quocunque
1404 1814 1545 1880 oppor-

264 1899 402 1927 tunum
430 1887 649 1938 videretur,
678 1888 879 1935 trajicere,
914 1889 955 1926 in
975 1896 1132 1938 promtu
1155 1896 1259 1927 erat:
1292 1899 1418 1926 rerum
1448 1898 1546 1935 quo·

263 1963 338 2002 que
364 1948 654 1988 necelsariarum
681 1950 836 2000 copiam
859 1949 933 1989 suis
960 1950 1127 1998 efficere,
1149 1949 1349 2001 penuriam
1373 1947 1546 1987 hostibus

264 2025 311 2052 ex
339 2010 445 2051 facili
467 2018 656 2060 poterant.

329 2071 433 2112 XVI.
459 2070 579 2121 Igitur
604 2069 733 2118 Sulla,
757 2036 881 2109 mistis
901 2070 951 2110 ad
974 2069 1215 2111 Rhodienses
1236 2070 1347 2110 certis
1373 2067 1542 2108 homini-

263 2135 361 2183 bus,
382 2133 533 2173 classem
560 2132 719 2171 arceffit.
749 2133 868 2183 Quod
890 2133 958 2172 ubi
969 2135 1109 2184 ,regiis
1133 2147 1235 2172 mare
1251 2132 1544 2180 obtinentibus,

260 2210 397 2250 parum
430 2194 687 2248 procedebat,
721 2196 765 2234 L.
797 2196 980 2234 Lucullum
1013 2196 1051 2234 itz
1080 2198 1284 2249 AEgyptum
1311 2197 1346 2235 ἐξ·
1376 2195 1542 2247 Africam

256 2262 433 2314 proficisci
462 2261 512 2298 ad
537 2260 751 2312 corroganda
771 2275 794 2297 a
821 2259 957 2311 regibus
976 2259 1011 2298 δ’
1029 2259 1214 2297 maritimis
1246 2257 1452 2296 civitatibus
1475 2271 1542 2293 na-

260 2323 359 2360 vium
383 2322 525 2360 auxilia
551 2320 681 2370 jussit,
712 2320 850 2371 quibus
882 2320 1081 2360 instruc‘ius
1114 2318 1354 2359 Rhodiorum
1386 2316 1539 2356 classem

307 2444 330 2486 ς
355 2444 446 2475 XIII.
470 2443 631 2489 Quadrig
651 2444 830 2490 ap.Age11.
854 2454 915 2485 14,
943 2442 1275 2489 1.Appian.;.§Xv
1296 2440 1385 2476 Plut.
1406 2441 1441 2473 in
1464 2440 1534 2474 Lu*

260 2488 343 2525 culi.
367 2499 396 2523 c.
419 2497 457 2534 3,

1626 2316 1634 2337 ’1
