1638 2937
297 136 389 203 298
458 139 1106 195 JO.FRE1NSHEMII
1151 142 1512 194 SUPPLEM.

294 252 463 293 meatus,
490 258 616 293 arma,
639 247 887 298 pecuniaeque
907 249 943 287 ἅ
965 246 1153 287 machinae
1176 250 1435 299 portabantur.
1466 253 1575 292 Parte

295 306 416 346 claffis
445 309 562 348 Uticae
589 320 742 360 portum
767 319 945 359 tenente,
961 302 1078 362 'parte
1095 312 1366 364 Carthaginem
1390 314 1570 366 appulsa,

291 369 401 409 simul
429 370 553 419 adesse
568 372 793 423 Pompejum
820 374 1053 425 percrebuit,
1082 375 1226 426 septem
1251 377 1299 416 ad
1330 390 1418 416 eum
1450 377 1571 418 millia

292 432 340 470 ab
365 430 536 473 hostibus
567 428 815 474 desciverunt.
851 435 929 487 ipse
956 436 1025 476 sub
1052 437 1162 487 signis
1196 438 1258 477 sex
1290 437 1461 489 legiones
1487 438 1575 489 ple-

291 504 359 531 nas
388 491 564 532 habebat.
599 494 674 533 Sed
704 494 847 533 inutilis
873 496 907 534 ei
941 509 1008 546 per
1041 496 1188 547 aliquot
1223 499 1302 537 dies
1330 500 1519 537 exercitus
1551 512 1575 539 a

289 553 456 593 ridicula
479 555 589 594 causa
620 555 706 594 fuit.
743 556 857 596 Forte
881 556 1048 596 militum
1075 559 1231 608 quidam
1260 561 1443 600 defoffam
1478 560 1575 602 olim

290 614 332 653 in
360 628 448 666 agro
474 617 676 666 pecuniam
702 628 931 668 repererant.
962 631 1006 657 ea
1029 619 1132 659 fama
1156 633 1224 671 per
1241 629 1323 661 tota
1351 622 1467 662 castra
1491 635 1575 673 per,

289 688 476 728 vagante,
499 693 630 718 omnem
650 694 723 717 eam
742 683 910 732 regionem
923 682 1068 734 plenam
1104 682 1165 735 ff
1186 683 1379 734 thesauris,
1398 699 1472 722 cum
1500 685 1575 723 Pu.

291 740 373 777 nica
398 754 451 778 res
466 742 628 791 floreret,
656 743 872 793 absconditis
888 771 899 789 ‚
932 742 1077 782 dictum
1099 742 1207 782 simul
1228 743 1342 795 vulgo
1369 745 1580 784 creditum-

289 816 364 853 que
387 803 450 842 est.
489 803 584 842 Inde
607 803 705 842 nihil
733 804 881 844 videres
906 803 1035 852 aliud,
1070 805 1137 844 nisi
1171 805 1295 856 sparsa
1330 818 1395 856 per
1419 819 1581 856 campos.

289 864 442 912 agmina
464 862 732 903 effodientium
763 865 1053 916 ementiumque
1082 865 1270 916 humum;
1308 880 1431 917 neque
1454 867 1576 906 abdu-

290 927 325 964 ci
354 926 401 965 ab
428 925 501 965 hac
524 926 668 967 insania
693 926 768 966 ulla
797 927 831 966 vi
856 936 922 966 aut
945 937 1023 968 arte
1050 937 1239 979 poterant.
1280 928 1495 979 complures
1522 931 1577 968 ita

291 988 371 1027 dies
399 988 587 1037 absumi,
615 989 876 1030 circumeunte
899 992 1106 1041 Pompej0‚
1149 1005 1221 1031 nec
1258 1000 1411 1031 tenente
1435 992 1574 1038 risum,

288 1050 393 1099 quod
420 1058 478 1089 tot
509 1051 627 1091 millia
652 1052 855 1093 hominum
883 1054 1119 1094 invertendis
1153 1055 1277 1106 agris,
1303 1062 1487 1106 tanquam
1517 1056 1595 1095 rei'

289 1110 392 1151 seriae
407 1143 418 1161 ‚
440 1113 665 1153 incumbere
692 1116 885 1157 cernebat.

343 1177 436 1217 XX.
469 1178 645 1219 Tandem
669 1179 772 1219 inani
794 1180 925 1220 labore
949 1180 1173 1231 defatigati,
1205 1181 1384 1221 dixerunt
1408 1181 1572 1232 Pompe·-

289 1239 350 1287 jo,
367 1240 419 1277 uri
436 1242 498 1293 fi,
519 1257 585 1293 quo
604 1243 727 1288 vellet,
746 1244 900 1281 duceret:
907 1243 1003 1295 fluis
1026 1258 1172 1297 magnas
1182 1243 1222 1295 fi'
1238 1244 1397 1296 stultitiae
1409 1244 1482 1295 fuce
1501 1258 1574 1295 Ροε-

291 1314 360 1338 nas
397 1302 476 1339 dedi
505 1318 532 1340 e.
564 1303 672 1342 Circa
698 1303 850 1344 Uticam
878 1312 1038 1356 uterque
1071 1306 1259 1344 exercitus
1289 1306 1328 1344 in
1351 1307 1434 1344 acie
1461 1305 1575 1344 adsti-

288 1362 353 1410 tit,
381 1362 480 1402 valle
502 1373 649 1404 tantum
668 1366 891 1417 interposita
911 1367 1061 1419 aspera,
1079 1370 1114 1408 ἃ
1136 1368 1185 1408 ad
1209 1367 1480 1407 transeundum
1498 1367 1575 1407 dif-

287 1425 391 1466 ficili.
427 1427 489 1467 Ob
515 1441 597 1468 eam
631 1443 711 1469 rem
729 1461 740 1478 ,
775 1433 810 1471 &c
838 1432 924 1481 quia
951 1441 1086 1471 ventus
1113 1432 1276 1472 imbrem
1306 1432 1430 1472 ferens
1454 1445 1474 1470 a
1501 1431 1578 1482 pri-

290 1500 356 1527 mo
384 1502 496 1528 mane
518 1501 646 1540 ortus,
674 1505 722 1531 ne
747 1497 929 1544 provedto
957 1495 1113 1544 quidem
1136 1495 1198 1534 die
1225 1494 1406 1541 cessabat,
1435 1494 1575 1534 Domi-

289 1551 383 1601 tius,
412 1562 493 1592 tum
510 1556 691 1605 temporis
716 1558 874 1596 minime
889 1569 1100 1608 pugnatum
1124 1559 1171 1597 iri
1198 1565 1321 1605 ratus,
1345 1557 1490 1608 iignum
1513 1570 1570 1595 re-

289 1617 416 1663 ceptui
453 1616 571 1657 dedit.
607 1619 718 1658 Hanc
746 1618 851 1659 suam
883 1620 1122 1659 occasi—onem
1152 1621 1358 1670 pompejus
1385 1620 1568 1670 prudenti

291 1676 448 1716 consilio
476 1688 604 1731 ratuS‚
645 1679 829 1722 continuo
856 1683 1068 1724 transduxit
1093 1683 1204 1730 suos,
1242 1682 1482 1733 hostibusque
1513 1683 1570 1720 in.

291 1743 511 1791 compofitis
545 1747 580 1784 δε
614 1746 780 1795 disjectis
806 1746 994 1786 incubuit.
1031 1756 1070 1786 at
1095 1746 1148 1785 illi
1174 1754 1288 1785 vento
1316 1758 1469 1796 quoque
1494 1753 1570 1785 tur.
1610 1745 1613 1748 ’

290 1800 504 1854 habemur,
535 1807 620 1855 qui,
651 1808 848 1859 compulsa
874 1811 913 1848 in
949 1823 1014 1848 ora
1041 1808 1249 1858 oculosque
1286 1806 1439 1857 pluvia,
1471 1819 1569 1845 con-

287 1863 457 1914 specsturn
488 1868 740 1920 auditumque
763 1870 969 1910 adimebat.
1005 1871 1088 1910 Nec
1115 1882 1253 1919 expers
1279 1868 1394 1916 hujus
1422 1869 1570 1906 incom-

289 1927 397 1965 modi
425 1928 680 1979 Pompejanus
699 1931 884 1970 exercitus
906 1939 1007 1971 erat:
1039 1931 1213 1980 adeoque
1233 1931 1310 1969 dux
1331 1928 1412 1980 ipse
1434 1942 1568 1979 parum

290 1988 439 2038 abfuit,
474 1991 566 2041 quin
593 1992 831 2032 occideretur
866 2006 887 2032 a
919 1992 1069 2041 milite,
1101 1993 1164 2031 cui
1199 1990 1370 2030 tesseram
1397 1990 1572 2043 poscenti

289 2051 432 2089 tardius
454 2053 686 2092 reddiderat.

345 2112 458 2152 XXI.
486 2112 584 2152 vieti
608 2122 736 2153 tamen
762 2127 898 2165 magna
919 2127 1050 2165 pugna
1080 2112 1290 2153 Domitiani
1304 2112 1432 2161 sunt,
1456 2119 1497 2151 ut
1519 2113 1569 2151 de

291 2172 425 2222 viginti
461 2174 631 2214 millibus
662 2176 865 2215 hominum
901 2177 971 2216 tria
999 2184 1148 2215 tantum
1181 2174 1420 2226 superessent.
1460 2175 1571 2215 Pom-

291 2236 401 2284 pejus
438 2249 527 2276 cum
563 2237 613 2276 ob
645 2238 745 2277 hanc
775 2238 975 2278 victoriam
1006 2239 1197 2292 Imperator
1226 2236 1274 2275 ab
1299 2235 1470 2275 exercitu
1501 2249 1571 2287 ap«

290 2296 519 2348 pellaretur,
555 2301 732 2350 negavit,
758 2302 820 2339 lzoc
841 2302 880 2354 se
908 2314 1030 2341 nomen
1051 2299 1252 2354 agnoscere,
1287 2301 1392 2340 donec
1425 2299 1568 2353 hostium

334 2440 357 2484 5
380 2440 455 2473 xx.
479 2439 579 2474 oros.
606 2452 650 2484 ς,
675 2425 730 2476 '21.
752 2441 846 2476 plut.
