1638 2937
241 184 321 231 IN
365 184 538 232 LOC.
583 184 722 231 LIB.
769 184 942 231 XCVII
992 185 1141 233 LIV.
1265 199 1358 249 413

71 290 356 343 'gratulantique
384 299 531 341 gratum
564 292 735 330 facerent
757 321 769 337 ,
793 291 1023 342 Pompejum
1058 291 1252 332 consulem
1294 293 1366 333 do·-

74 365 183 392 mum
208 354 462 407 deduxerunt.
494 353 659 403 Magnus
682 352 783 391 enim
809 354 889 400 ejus
914 354 1015 403 apud
1039 355 1226 405 populum
1254 355 1365 396 favor

69 424 171 463 erat,
189 427 278 454 cum
299 415 383 466 plus
399 415 438 453 in
462 414 588 453 senatu
616 413 762 454 Crassus
790 414 964 464 polleret.
994 416 1029 454 ὁὶ
1048 424 1128 453 erat
1153 415 1191 453 in
1218 416 1365 456 invidia.

74 475 302 527 Pompeius,
332 477 434 527 quod
465 475 569 526 plebi
602 476 754 526 potius,
775 489 889 527 quam
912 475 1083 524 senatui,
1106 476 1364 527 gratificatus,

73 539 317 578 tribunitiam
342 538 568 590 potestatem
593 538 826 587 restituerat,
843 538 1065 577 affentiente
1087 539 1240 589 quidem
1261 538 1367 579 Cras.

72 598 141 648 so,
176 601 264 649 quia
293 600 495 651 prohibere
525 600 733 651 nequibat:
758 599 823 639 sed
850 600 1056 651 Pompejus
1087 600 1186 640 solus
1214 610 1365 651 perten-

70 661 202 708 derat,
225 675 295 702 nec
317 662 383 701 fibi
402 662 588 713 glorioso,
609 676 681 703 nec
702 664 741 701 in
757 662 1038 713 rempublicam
1059 663 1144 702 utili
1167 663 1363 713 facinore,

72 736 158 773 quae
193 725 331 762 iterum
366 724 413 763 ab
442 737 489 763 eo
519 725 707 775 principio
741 725 947 764 tribunitiis
981 724 1232 764 seditionibus
1266 726 1366 776 peri-

73 783 207 822 culose
241 794 375 824 vexata
407 785 485 833 est,
517 786 644 825 donec
679 785 752 826 hac
781 799 934 838 quoque
964 799 1043 826 non
1068 785 1202 827 ultima
1228 786 1366 838 impel-

73 843 179 886 lente
210 848 321 887 caula
349 849 582 888 concideret.

127 909 355 950 XXXVIII.
385 910 602 950 Tribunitia
633 911 795 961 potestas
830 911 1020 959 restituta,
1049 912 1232 952 traxit&
1257 912 1365 962 judi-⁴

72 971 223 1011 ciorum
257 973 460 1021 ordinem,
488 975 594 1024 quod
631 987 763 1013 eorum
794 973 927 1013 levitas
961 975 1175 1025 flagitandae
1203 975 1367 1026 potesta-

73 1034 121 1073 tis
153 1038 234 1085 ejus
260 1049 511 1088 permagnum
541 1037 768 1076 desiderium
793 1036 947 1076 Fecerat.
984 1037 1101 1088 Igitur
1124 1037 1164 1077 L.
1190 1036 1362 1078 Aurelius

70 1096 182 1137 Cotta
211 1107 373 1148 praetor,
405 1099 559 1137 favente
595 1100 631 1138 δε
664 1099 861 1137 annitente
890 1098 1102 1148 Pomp'ejo,
1134 1099 1279 1147 judicia
1313 1098 1364 1137 ad

75 1161 220 1210 equites
255 1161 470 1210 transtulit,
505 1174 584 1199 non
622 1169 664 1199 ut
696 1160 847 1210 penitus
886 1159 1181 1199 excluderentur
1216 1160 1363 1201 senato-

70 1236 160 1270 res,
194 1224 259 1263 sed
291 1233 331 1264 ut
362 1226 486 1274 major
519 1223 610 1262 esset
640 1223 814 1274 equitum
845 1224 1041 1274 potentia,
1066 1226 1364 1264 communicatis

67 1284 167 1323 inter
194 1292 269 1324 tres
300 1286 451 1324 ordines
486 1285 665 1334 J'udiciis,
695 1284 894 1333 senatum,
919 1285 1089 1334 equites,
1120 1287 1155 1325 ἅ
1187 1285 1362 1325 tribunos

63 1348 242 1394 aerarios,
274 1348 338 1398 qui
364 1348 485 1386 ferme
512 1356 621 1386 erant
647 1359 693 1386 ex
724 1347 928 1397 equitibus.
973 1346 1111 1387 lisdem
1139 1347 1360 1388 consulibus

68 1409 110 1450 P.
142 1409 316 1460 Virgilius
343 1411 453 1450 Maro
485 1419 598 1449 natus
631 1409 880 1460 perhibetur,
918 1410 1052 1449 Idibus
1089 1410 1292 1460 Ostobri83
1318 1420 1361 1451 ut

65 1470 311 1522 publicorum
339 1474 494 1511 ac'tuum
526 1473 785 1511 monumentis
817 1471 952 1511 natalis
998 1475 1080 1522 ejus
1113 1470 1359 1523 insereretur*²

63 1532 211 1583 ingenii
229 1547 467 1585 operumque
488 1533 700 1584 praestantia
723 1535 892 1573 meritus.
917 1534 1068 1573 Interea
1089 1534 1273 1574 Lucullus
1287 1536 1356 1575 Ca-

64 1593 235 1635 birorum
268 1595 489 1645 castellum,
521 1607 611 1634 cum
639 1596 720 1634 aliis
756 1595 914 1644 multis,
942 1595 1132 1634 custodias
1164 1595 1359 1645 thesauro.

64 1663 149 1698 rum
170 1659 491 1710 vinetorumque,
518 1659 558 1697 in
584 1659 824 1698 deditionem
852 1658 1022 1709 accepit3
1055 1659 1189 1710 paffim
1226 1660 1274 1699 ad
1304 1656 1358 1701 vi-

64 1722 212 1760 'd’torem
242 1722 429 1771 praefectis
463 1723 575 1772 regiis
611 1721 901 1769 deficientibus,
928 1718 1091 1773 quorum
1121 1734 1170 1761 ex
1194 1731 1354 1763 numero

62 1784 284 1832 Strabonis,
311 1785 507 1835 ejus,-‘qui
537 1785 778 1836 geographiae
807 1783 1111 1836 pulcherrimum
1145 1798 1243 1835 opus
1274 1786 1353 1825 edi-

64 1848 150 1894 dit,
182 1861 276 1886 avus
316 1858 510 1888 maternus
533 1878 544 1897 ‚
575 1849 798 1899 quindecim
837 1846 1013 1897 castella,
1046 1847 1124 1888 fide
1165 1857 1353 1899 accepta,

62 1911 280 1950 tradiderat.

66 1984 71 1987 ·
118 1973 318 2014 XXXIX.
352 1973 503 2023 Magnae
529 1973 567 2012 in
588 1973 631 2012 iis
654 1986 772 2023 opes,
789 1972 896 2012 taetri
923 1985 1076 2023 quoque
1103 1984 1272 2011 carceres
1299 1985 1356 2012 re.

62 2035 179 2086 perti,
211 2036 347 2085 quibus
381 2036 502 2075 Graeci
537 2035 767 2085 barbarique
804 2035 913 2074 multi
948 2035 1042 2076 olim
1075 2035 1269 2085 desperata
1297 2035 1353 2075 sa-

63 2096 144 2137 lure
178 2098 451 2138 attinebantur.
505 2099 606 2138 lnter
638 2097 707 2136 lios
745 2100 781 2137 ὃς
811 2098 912 2149 Nysa
948 2097 1106 2137 liberata
1139 2099 1214 2146 est,
1249 2098 1352 2139 soror

61 2159 185 2209 regis,
216 2159 429 2208 eademque
460 2159 509 2198 ob
543 2159 800 2199 Nicomedem
821 2190 832 2205 ,
863 2160 925 2197 cui
960 2169 1077 2209 nupta
1106 2160 1252 2208 fuerat,
1282 2159 1352 2198 ho..

60 2219 139 2261 ssiS.
183 2221 295 2261 Hanc
321 2221 436 2271 igitur
463 2220 560 2259 nihil
588 2220 655 2259 nisi
685 2230 857 2260 extrema
890 2220 1172 2271 exspechintem
1190 2250 1203 2267 ,
1226 2220 1353 2273 inopi.⁵

108 2355 130 2396 5
154 2354 336 2388 XXXVII.
358 2354 446 2388 Plut.
470 2355 503 2387 in
528 2353 644 2400 Pomp.
668 2357 791 2390 Ascon.
816 2357 850 2389 in
873 2356 970 2390 Verr.
996 2369 1027 2388 2.
1054 2356 1184 2391 Sallust.
1205 2357 1350 2392 Catiliffi

62 2411 93 2433 c.
121 2400 170 2432 28.
194 2400 271 2431 Liv.
298 2401 385 2442 Epit.
408 2400 481 2432 Cic.
507 2399 547 2432 de
566 2402 650 2444 legg.
676 2412 714 2443 3,
736 2413 768 2444 9.
804 2402 824 2444 §
853 2401 1044 2434 XXXVIII.
1079 2403 1151 2435 Cic.
1183 2402 1288 2434 divin.
1315 2413 1348 2436 c.

61 2454 95 2485 3.
120 2442 153 2475 δε
174 2456 235 2485 pro
262 2444 398 2479 Cluent.
420 2455 449 2477 c.
473 2455 527 2483 47.
552 2444 626 2476 Liv.
649 2445 738 2490 Epir.
758 2446 847 2481 plut.
864 2445 988 2482 Areon.
1011 2447 1047 2479 in
1076 2447 1215 2483 Cornel.
1233 2446 1267 2480 ὅ(
1287 2446 1342 2490 Pig·

62 2485 138 2522 ion,
162 2487 312 2535 Phlegon
331 2500 384 2534 ap.
409 2488 509 2524 Phot-
530 2488 662 2525 Sallust.
