1638 2937
185 209 261 257 JN
296 206 470 255 [ος.
507 207 927 256 LIB.LXXX1V
975 210 1120 258 mv,
1253 221 1346 276 239

61 323 227 368 guntur,
243 317 454 356 addut‘tum
476 315 523 354 ad
540 313 685 355 Sullam
699 313 849 362 ferunt,
866 314 904 352 in
922 315 1138 366 Nymphaeo
1159 325 1317 368 captum
1331 347 1346 366 2

59 389 150 416 cum
185 378 282 416 forte
310 376 444 415 somno
475 388 632 425 operam
662 375 780 414 daret.
819 376 934 423 Juxta
975 377 1222 426 Apolloniam
1255 379 1347 416 vici-

57 450 150 477 nam
174 437 412 490 Dyrrhachio
434 435 697 487 Nymphaeum
724 436 799 485 est,
822 436 925 475 sacer
945 445 1027 476 tum
1056 436 1188 477 locus:
1216 439 1282 478 ubi
1307 441 1350 478 in

24 510 28 513 “
57 500 197 539 virenti
227 502 260 539 ἃ
298 499 381 538 laeta
412 498 533 546 valle,
572 497 793 551 campisque
824 499 1080 547 florentibus,
1112 499 1349 541 subterranei

55 561 157 613 ignis
184 574 289 600 venae
314 561 509 610 perpetuis
537 560 643 599 velut
668 559 851 599 fluetibus
878 560 1119 600 evolvuntur.
1157 562 1254 601 Eum
1277 565 1348 614 igi-

55 630 119 662 tur
144 624 345 674 Satyrum,
374 622 503 660 multis
529 621 712 660 adhibitis
741 623 931 661 variarum
960 623 1131 672 gentium
1163 624 1350 674 interpre-

55 685 183 732 tibus,
212 687 313 723 unde
349 694 415 723 aut
440 684 611 734 quisnam
639 684 730 723 effet
763 685 1063 735 interrogatum,
1092 699 1179 725 cum
1212 687 1349 728 huma-

55 759 150 785 nam
170 758 307 785 vocem
329 744 500 792 nullam,
528 744 594 783 sed
625 744 730 783 velut
758 757 807 783 ex
839 743 968 783 balatu
997 744 1226 796 hinnituque
1255 760 1350 787 con-

57 807 187 847 fusum
217 807 353 846 sonum
384 807 583 855 edidisset,
615 806 720 846 Sulla
751 819 821 856 pro
852 806 1021 846 monstro
1052 807 1239 848 aversatus
1274 811 1348 849 effe

58 870 234 909 traditur.
261 871 345 910 Nec
361 869 460 908 ultra
482 869 652 919 reperio,
675 869 819 907 dimitti
836 868 1003 917 jusserit,
1021 881 1069 907 an
1093 882 1181 908 vero
1200 872 1372 924 occidi„

58 942 128 974 aut
153 934 257 983 quod
284 934 443 972 omnino
470 932 513 970 fit
539 945 585 970 eo
611 933 770 971 fac'tum.
799 932 875 972 Sed
904 931 1105 982 postquam
1130 934 1170 971 in
1196 936 1350 986 Satyro.

59 1008 147 1034 :rum
162 995 400 1033 mentionem
427 994 633 1032 incidimus
649 1025 660 1042 ,
687 994 882 1031 neminem
899 992 1212 1043 reprehensurum
1229 1004 1323 1045 puto
1336 1027 1352 1044 ‚

58 1059 87 1098 fi
102 1071 184 1109 quae
200 1059 248 1097 de
270 1058 328 1096 his
347 1056 442 1096 mihi
467 1056 590 1105 lecfta,
612 1067 678 1095 aut
703 1056 848 1094 credita
868 1055 976 1103 sunt,
1001 1056 1134 1105 paucis
1154 1068 1349 1105 aperuero,

115 1120 222 1160 XIII.
266 1120 520 1169 Jamprimum
559 1126 600 1157 ut
632 1118 705 1158 alia
733 1118 867 1168 paffim
895 1126 1102 1156 occurrunt
1138 1118 1178 1156 in
1217 1127 1356 1159 natura.

59 1196 199 1235 parum
222 1182 492 1221 convenientia
513 1179 663 1231 legibus
679 1211 690 1229 ,
714 1194 805 1230 quas
830 1180 1007 1218 humanae
1031 1179 1233 1229 opiniones
1259 1181 1355 1220 ima·
1386 1213 1391 1214 γ

60 1245 268 1295 ginantur3
300 1245 354 1282 ita
383 1245 522 1282 mixtas
549 1242 752 1281 hominum
786 1255 831 1281 ac
858 1242 1069 1281 belluarum
1096 1241 1240 1281 formas
1261 1245 1355 1284 exfi-

62 1307 158 1345 :stere
179 1305 307 1356 poffe,
326 1305 462 1344 rationi
488 1305 648 1342 minime
668 1312 865 1354 repugnat.
888 1304 962 1344 Sed
986 1315 1035 1341 ex
1056 1303 1190 1341 eadem
1206 1304 1354 1344 ratione

59 1368 304 1408 manifestum
333 1367 408 1415 est,
429 1380 509 1405 non
525 1367 612 1405 ideo
628 1366 752 1404 statim
769 1364 940 1403 exsistere
955 1393 966 1411 ‚
991 1364 1177 1415 quidquid
1203 1368 1351 1417 potest3

65 1433 102 1471 ἃ
132 1429 180 1468 de
203 1429 310 1469 omni
344 1441 384 1466 re
413 1427 733 1474 extraordinaria,
767 1426 833 1464 nifi
869 1426 979 1464 bonis
1010 1427 1165 1466 testibus
1183 1459 1193 1476 ,
1221 1429 1353 1479 inepte

61 1492 190 1532 credi:
221 1504 293 1530 nec
317 1490 390 1529 illis
408 1500 538 1529 tamen
565 1490 663 1529 ultra
688 1490 950 1537 credendum,
975 1503 1091 1539 quam
1116 1495 1244 1541 quoad
1267 1494 1354 1533 ido-

62 1556 127 1594 nei
151 1554 261 1592 testes
290 1553 364 1591 effe
401 1552 567 1602 poffunt.
605 1552 724 1602 Igitur
759 1552 798 1590 in
833 1550 1006 1602 praesenti
1040 1554 1224 1603 negotio,
1255 1567 1354 1594 con-

63 1616 210 1667 spedas
242 1614 434 1664 eJ'usmodi
459 1613 601 1652 formas
631 1613 931 1664 semicaprorum
949 1643 960 1661 ,
987 1609 1076 1652 cum
1103 1613 1250 1654 lascivis
1283 1617 1354 1656 foe.

64 1678 198 1729 disque
222 1676 384 1728 gestibus
401 1689 479 1714 non
505 1676 750 1726 negaverim,
784 1675 849 1728 (id
865 1675 968 1714 enim
989 1689 1010 1714 a
1035 1676 1165 1716 multis
1188 1678 1241 1717 est
1267 1692 1356 1729 pro-

67 1740 248 1793 ditum3)
274 1736 559 1777 animaliumne'
577 1737 720 1775 fuerint
741 1749 785 1775 ea
812 1748 999 1786 corpora,
1016 1751 1065 1777 an
1094 1751 1183 1778 vero
1211 1740 1356 1780 daemo-

62 1816 160 1843 num
194 1801 376 1850 fraudes,
416 1800 459 1839 id
495 1798 553 1838 illi
592 1799 749 1849 quidem
785 1799 1016 1850 distinguere
1054 1799 1354 1853 haudquaquam

62 1872 283 1918 potuerunt.

120 1927 226 1968 XIV.
257 1928 417 1965 Mentem
446 1925 655 1973 Atlantem,
682 1939 751 1978 qua
768 1924 892 1978 speuet
913 1924 1230 1981 Africam,wlaetum
1254 1943 1355 1967 ανηωε

65 2005 213 2042 numque
231 1990 441 2043 spontaneis
459 1989 658 2042 fruffibus,
698 1989 849 2026 interdiu
878 2002 1027 2028 vacnum
1057 1989 1178 2036 θωπί,-
1214 1993 1354 2029 eundem

65 2053 221 2092 milibus
247 2051 371 2089 micare
400 2051 527 2089 crebris
557 2051 697 2103 ignibus
717 2080 728 2097 .,
759 2051 984 2102 AEgipanum
1005 2051 1276 2103 Satyrorumque
1295 2053 1356 2090 la-

58 2113 180 2168 fiivia
201 2112 361 2164 impleri,
398 2114 562 2151 tibiarum
594 2127 636 2151 ac
661 2112 788 2163 fistulae
819 2124 952 2159 cantu,
984 2123 1293 2165 tympanorumque
1317 2115 1355 2152 G·

66 2175 301 2228 cymbalorum
317 2176 437 2226 fhnitu
451 2174 637 2228 plusquam
665 2176 817 2212 humano
832 2175 997 2226 strepere,
1024 2172 1206 2212 celebrati
1224 2178 1354 2216 aucto„

67 2249 127 2275 res
156 2235 418 2286 prodiderunt.
458 2236 583 2275 Etiam
613 2235 653 2273 in
676 2234 874 2284 AEthiopia
907 2236 1018 2284 juxta
1055 2233 1162 2273 silvas
1190 2235 1355 2286 hebeni,

69 2304 323 2346 montemque
362 2297 508 2336 aeternis
539 2296 695 2347 ignibus
733 2296 956 2346 flagrantem
976 2326 987 2343 ,
1020 2296 1195 2336 modicos
1230 2297 1354 2338 colles

71 2371 234 2398 amoenae
260 2358 486 2407 opacitatis,
512 2370 601 2396 cum
623 2358 874 2409 AEgipanibus
892 2360 927 2398 δι
949 2358 1089 2409 Satyris
1108 2359 1263 2408 quidam
1283 2374 1352 2410 po-

70 2420 237 2461 suerunt.
264 2419 321 2458 De
346 2419 407 2461 his
427 2421 480 2462 ita
503 2419 653 2463 sentio:
685 2431 774 2465 cum
802 2419 928 2465 Africa
954 2420 1131 2463 monstris
1157 2420 1326 2463 abundet
1336 2452 1350 2473 2

115 2514 144 2559 S
166 2514 244 2552 xu-
265 2514 356 2553 Plut-
