1638 2937
159 207 266 256 'IN
313 205 476 252 LOC.
522 204 662 251 LIB.
717 204 939 250 LXXXII
991 207 1138 254 LIV.
1255 216 1350 272 203

63 314 240 356 tribunus
263 314 424 365 legionis
439 313 586 364 primus
600 311 782 351 ‘omnium
800 310 1056 352 transcendit:
1084 315 1134 361 Sc,
1156 312 1261 354 hoste
1280 328 1353 355 cre*

60 377 126 426 so,
163 377 390 428 exemplum
416 375 570 425 reliquis
596 376 776 424 viamque
805 373 854 413 ad
880 374 1172 424 irrumpendum
1198 377 1320 417 dedit.

113 439 303 480 XXXIV.
338 439 400 479 Sic
423 445 641 489 expugnata
662 437 749 475 sunt
778 436 955 476 Archelai
978 437 1027 476 ad
1052 437 1349 481 Orchomenum

60 502 200 542 castra:
238 510 343 541 tanta
372 502 509 540 iterum
537 501 665 549 caede,
702 508 745 539 ut
782 498 962 551 sanguine
985 499 1147 550 paludes
1177 502 1351 551 infectae,

59 565 310 614 stagnumque
341 564 381 602 in
415 564 589 613 proximo
609 563 856 603 cadaveribus
892 563 1354 619 oppletumxreferantur.

59 626 206 677 Viginti
236 625 354 664 millia
384 625 615 673 hominum,
651 626 690 663 in
720 624 880 675 paludes
908 624 1125 675 compulsa,
1153 636 1242 662 cum
1266 638 1353 674 pre-

63 701 128 727 ces
149 688 358 727 vic‘toribus
381 700 461 726 non
486 686 697 726 intellectas
729 686 967 734 funderent,
989 684 1237 724 inexorabilis
1261 685 1353 725 Sul—

64 751 109 790 lae
136 750 338 791 crudelitas
364 750 516 790 delevit.
554 751 737 791 Totidem
766 750 839 790 alia
863 750 900 787 in
931 750 1091 788 flumine
1116 748 1265 799 periiffe
1296 750 1357 787 di-

63 822 225 854 cuntur:
255 824 389 865 praeter
415 828 499 862 eos,
525 816 589 865 qui
611 815 650 853 in
677 814 806 853 castris
828 815 862 853 &
886 813 987 851 circa
1011 811 1144 862 passim
1168 812 1254 850 sunt
1279 821 1358 851 tru-

62 876 192 916 cidati.
237 877 442 916 Archelaus
477 887 605 915 tamen
636 877 752 917 evafit
790 875 1021 923 discrimen,
1049 873 1236 924 paludum
1261 873 1355 913 late-

62 938 141 979 bris
171 952 238 989 per
262 940 424 978 biduum
455 938 695 979 occultatus:
722 940 835 978 tertio
863 939 1022 977 demum
1044 937 1106 976 die
1132 936 1354 977 naviculam

62 1004 196 1042 nactus
216 1032 228 1049 ,
267 1015 343 1052 qua
377 1000 602 1041 Chalcidem
636 1001 838 1050 trajiceret.
871 999 930 1038 Ibi
968 999 1157 1049 quidquid
1193 998 1357 1049 usquam

62 1063 248 1114 regiarum
274 1063 474 1112 copiarum
498 1063 727 1113 propinquis
756 1061 975 1111 regionibus
1002 1061 1165 1110 agebat,
1199 1059 1354 1099 summo

64 1123 189 1162 studio
221 1123 449 1162 contrahere
481 1132 642 1162 conatus
680 1123 759 1171 est',
790 1131 833 1161 ut
871 1121 1004 1161 saltem
1035 1122 1225 1162 Euboeam
1247 1131 1360 1160 tene-

65 1193 147 1233 ret,
178 1185 304 1223 donec
327 1184 526 1224 meliorem
551 1185 720 1236 aliquam
742 1185 850 1236 spem
875 1184 1092 1234 repetendae
1114 1183 1268 1224 Graeciae
1293 1195 1357 1222 ca-

66 1246 127 1286 sus
153 1246 290 1296 aliquis
313 1247 505 1288 attulisset.

120 1309 291 1350 XXXV.
315 1310 419 1350 Sulla
436 1310 583 1361 postero
608 1309 691 1356 die,
706 1322 820 1360 quam
839 1308 977 1360 proelio
996 1309 1118 1349 vic‘tor
1138 1309 1354 1357 exstiterat,

67 1369 267 1410 tribunum
295 1371 427 1410 vallari
454 1385 597 1411 corona
615 1403 626 1421 ,
660 1372 802 1411 multos
831 1373 972 1412 deinde
999 1372 1095 1412 alios
1125 1371 1358 1411 militaribus

70 1431 184 1470 donis
221 1430 510 1481 cohonestavit,
538 1432 687 1471 virtutis
716 1432 853 1481 causa,
891 1435 926 1472 St
953 1432 1124 1482 alioquin
1151 1431 1362 1471 retinendae

71 1493 261 1532 exercitus
283 1493 472 1533 voluntati
493 1495 665 1544 pecuniae
683 1493 870 1544 profusus.
898 1493 1067 1544 Direptis
1090 1493 1230 1532 deinde
1246 1493 1362 1532 Boeo-

68 1555 131 1595 tiae
168 1556 348 1606 oppidis,
391 1564 583 1607 quotquot
617 1556 755 1595 iterum
794 1557 842 1595 ad
875 1556 998 1607 regios
1034 1555 1281 1603 defecerant,
1321 1557 1363 1595 Sc

70 1616 324 1667 Anthedone,
347 1618 538 1670 Larymna
551 1648 562 1666 ,
581 1617 767 1668 Alaeisque
786 1617 942 1666 evers18‚
962 1618 1001 1655 in
1020 1617 1252 1657 Thessaliam
1274 1617 1361 1657 hie-

71 1688 221 1718 matum
255 1680 426 1719 transiit:
469 1678 578 1718 fimul
608 1679 778 1718 intentus
811 1680 850 1718 in
875 1678 1004 1718 Flacci
1035 1678 1213 1728 consilia,
1248 1677 1361 1718 srmul

72 1743 296 1793 quaestorem
321 1741 561 1792 exspectans,
587 1756 702 1793 quem
724 1743 773 1781 ad
797 1741 950 1782 claffem
971 1742 1242 1782 adducendam
1267 1742 1362 1781 emi-

72 1806 180 1845 serat.
222 1806 381 1846 Interim
407 1805 486 1856 ipse
516 1807 704 1846 fabricare
734 1819 782 1846 ex
809 1805 983 1857 praesenti
1018 1805 1128 1857 copia
1161 1819 1276 1846 naves
1302 1806 1362 1844 in-

72 1866 213 1907 stituit:
239 1866 394 1916 quando
418 1879 542 1916 neque
566 1865 771 1916 Lucullus,
798 1880 924 1918 neque
947 1874 1071 1906 certus
1094 1874 1161 1906 aut
1183 1867 1360 1907 constans

75 1928 124 1970 de
149 1942 195 1967 eo
226 1941 357 1967 rumor
380 1927 624 1968 adventabat.

129 1991 322 2032 XXXVI.
346 1991 422 2031 Sed
445 1989 533 2036 ille,
557 1991 756 2041 postquam
781 1990 831 2029 ad
851 1988 941 2029 belli
963 1988 1187 2030 societatem
1216 1991 1364 2031 adduci

77 2056 289 2108 nequibat,
310 2054 494 2103 navibus,
519 2053 656 2105 quibus
675 2053 846 2104 Cyprum
870 2052 1145 2100 deduceretur,
1166 2056 1362 2104 acceptiS,

77 2132 125 2159 ex
149 2118 420 2158 maritimarum
442 2116 639 2155 civitatum
652 2145 663 2162 ,
681 2127 772 2165 quas
793 2123 928 2165 praeter
945 2114 1030 2154 vela
1047 2115 1237 2162 faciebat,
1254 2116 1364 2155 auxi-

79 2183 140 2222 liis
168 2181 364 2221 modicam
391 2179 542 2219 class'em
568 2179 800 2229 collegerat:
830 2180 890 2225 &‚
917 2178 1047 2218 vitatis
1070 2179 1277 2229 piratarum
1301 2181 1363 2218 in-

80 2245 202 2291 fidiis,
231 2242 414 2282 Rhodum
449 2242 655 2293 appulsus,
686 2241 857 2281 assumtis
894 2241 1140 2281 Rhodiorum
1169 2242 1360 2290 navibus,

83 2307 186 2346 Coos
210 2304 326 2344 etiam
354 2305 390 2343 δε
408 2302 588 2351 Cnidios,
610 2311 653 2341 ut
673 2303 804 2351 ejeffls
829 2302 1077 2342 barbarorum
1102 2303 1280 2353 praefidiis
1304 2316 1365 2342 ar-

82 2378 146 2407 ma
173 2365 302 2405 secum
330 2363 371 2404 in
401 2364 549 2411 Samios
580 2363 750 2412 ferrent,
787 2361 1005 2414 impulerat.
1045 2363 1190 2403 Eadem
1215 2363 1361 2414 aestate,

130 2487 152 2528 ς
185 2486 451 2520 XXX111.P1=1t.
479 2486 580 2518 Oros.
615 2487 758 2529 Appian.
794 2486 938 2529 Eutrop.
981 2484 1188 2532 §XXXIV
1220 2485 1369 2531 Appian-

87 2531 279 2580 §xxxix
312 2532 458 2567 llut.'1n
486 2532 724 2573 Lucu11.c.5
749 2532 896 2575 Appiam.
