1638 2937
216 179 314 230 'IN
361 183 528 251 LQC.
572 183 707 229 L-IB.
755 174 952 229 LXXW
1007 186 1141 233 LIV.
1287 203 1339 247 57

86 310 91 313 ·
120 290 196 331 LV.
236 291 304 330 Per
336 290 684 340 censoresoptima
720 292 754 329 ἃ
789 289 974 329 tutissima
1003 291 1213 333 definiendi
1249 295 1342 342 juris

52 366 185 392 eorum
204 354 264 392 via
291 360 387 392 erat:
407 352 473 391 sed
499 360 653 402 tempus
667 382 678 401 ,
699 365 846 402 quoex
864 353 985 392 veter-i
1006 367 1113 392 more
1137 355 1214 394 fieri
1232 369 1342 405 opor-

52 414 184 460 tebat,
209 415 383 452 nondum
403 413 706 464 propinquabat.
725 413 991 462 Tandem‚.ut
1017 428 1148 453 verum
1171 417 1246 462 est,
1268 417 1341 455 uti-

51 474 147 514 litati
179 474 343 525 publicae
368 475 512 525 pristini
536 475 651 515 moris
682 475 899 515 observatio
932 475 1061 524 ceffit3
1090 478 1195 526 quod
1224 478 1343 517 creari

53 536 225 575 censores
252 550 272 575 e
306 536 503 586 republica
531 536 628 584 effe,
655 536 762 576 nullo
787 538 907 576 modo
933 538 1194 581 dubitabatur.
1220 540 1258 578 P.
1276 540 1342 578 Li-

54 598 177 636 cinius
198 597 253 637 M.
277 598 317 639 F.
341 598 377 637 P.
400 599 447 638 N.
472 597 620 637 Craffus
636 629 647 646 ‚
673 599 713 637 L.
741 598 865 646 Julius
891 599 931 640 L.
956 599 995 639 F.
1026 601 1119 640 Sex-
1138 601 1186 640 N.
1220 600 1340 639 Caesar

54 661 193 706 creati,
233 673 355 699 novos
392 661 494 699 cives
521 659 697 699 tribubus
724 661 889 710 antiquis
917 662 1086 711 quinque
1119 663 1154 700 Sc
1184 662 1339 712 triginta

51 736 131 761 non
161 724 471 771 immiscuerunt,
497 722 562 762 sed
597 723 749 762 seorfim
779 724 971 764 recensitis
998 738 1116 764 novas
1142 725 1344 770 constitue,-

56 795 146 825 runt
170 787 311 834 tribus,
335 799 419 836 quae
442 787 526 836 post
550 787 724 836 antiquas
752 793 991 825 vocarentur.

108 847 198 887 LVI.
228 848 290 887 Sic
313 847 457 895 fiebat,
490 855 532 885 ut
557 847 619 897 qui
645 860 806 898 numero
832 847 1042 897 superaturi
1071 846 1213 897 priores
1234 847 1338 886 cives

50 909 224 956 fuerant,
251 909 276 946 fi
298 908 474 958 suffragia
497 909 630 947 iisdem
650 909 688 947 in
711 909 888 948 tribubus
916 909 1014 948 ferre
1040 909 1270 956 sinerentur,
1289 909 1315 947 ii
1330 939 1342 957 ‚

51 971 184 1020 rejefti
210 972 259 1009 ad
281 979 472 1017 extrema,
503 970 730 1021 plerumque
757 970 980 1022 supervacui
1005 970 1166 1019 fierent,
1192 983 1265 1010 nec
1288 970 1345 1009 ul-

52 1033 133 1072 lum
170 1036 209 1072 in
254 1033 418 1084 publicis
472 1033 817 1072 consultationibus
867 1042 1111 1073 momentum
1159 1033 1344 1072 facerent.

50 1106 140 1132 cum
174 1094 276 1133 enim
304 1108 420 1133 omne
443 1095 578 1146 populi
611 1094 750 1134 scitum
785 1097 919 1145 majori
948 1095 1118 1134 tribuum
1154 1104 1262 1146 parte
1286 1099 1344 1145 ju-

53 1155 168 1194 bente
192 1157 352 1206 perinde
377 1151 608 1205 haberetur3‘
626 1153 746 1207 ‘quam
773 1156 801 1194 li
818 1157 957 1205 jussum
976 1156 1023 1195 ab
1048 1157 1229 1196 omnibus
1252 1157 1342 1195 fuis-

51 1217 128 1257 set:
166 1218 392 1269 fimulatque
417 1219 563 1267 tribus,
591 1232 673 1268 quae
695 1219 798 1269 prius
827 1228 970 1257 vocatae
995 1218 1173 1266 fuerant,
1202 1232 1345 1257 nume-

52 1292 136 1317 rum
161 1279 272 1319 illum
295 1281 512 1332 implessent
538 1280 749 1332 suffragiis,
779 1281 976 1320 decretum
1003 1290 1112 1330 erat3
1148 1293 1219 1319 nec
1244 1281 1341 1321 ultra

53 1340 206 1391 reliquae
238 1343 482 1393 rogabantur.

107 1405 222 1444 LVII.
264 1407 308 1445 Et
336 1416 419 1445 tum
446 1407 629 1457 quidem,
664 1420 743 1445 non
779 1405 1169 1445 animadvertentibus
1205 1404 1340 1454 sociis,

50 1477 118 1506 aut
146 1468 319 1518 quolibet
343 1472 455 1520 pacto
480 1471 675 1510 civitatem
700 1470 863 1521 adipisci
892 1472 1064 1520 properis
1080 1501 1092 1518 ,
1124 1484 1205 1509 non
1226 1471 1340 1510 inuti-

51 1529 88 1568 le
111 1530 151 1569 id
175 1532 375 1570 consilium
406 1533 490 1571 fuit.
529 1533 763 1583 procedente
802 1540 931 1571 tamen
956 1540 1129 1582 tempore
1154 1545 1272 1571 novas
1297 1545 1343 1572 ea

51 1602 111 1628 res
136 1592 320 1631 excitavit
349 1592 567 1632 discordias.
594 1593 652 1633 Ab
677 1593 811 1632 iisdem
836 1592 1059 1635 censoribus
1075 1625 1086 1642 ,
1109 1606 1343 1643 quamquam

54 1665 140 1702 pars
165 1653 302 1703 populi
334 1653 441 1693 nulla
478 1654 590 1693 censa
629 1654 742 1702 esset,
776 1654 934 1693 lustrum
970 1663 1100 1694 tamen
1134 1655 1344 1706 septimum

53 1722 169 1763 atque
194 1714 465 1766 sexagesimum
489 1717 691 1755 conditum
715 1717 778 1756 est.
813 1717 858 1756 Id
881 1719 1064 1766 quoniam
1089 1718 1163 1756 sine
1188 1718 1342 1756 decreto

54 1787 242 1825 augurum
266 1778 411 1826 fuerit,
444 1777 583 1817 infelix
612 1778 760 1828 populo
788 1778 964 1826 Romano
995 1778 1127 1826 fuiffe,
1157 1780 1342 1818 Veranius

53 1837 93 1875 in
124 1837 379 1887 auspiciorum
405 1838 503 1878 libro
531 1840 716 1889 prodidit.
753 1840 882 1889 Opera
914 1838 1083 1878 censoria
1106 1839 1210 1878 nulla
1240 1839 1343 1879 loca-
1403 1857 1406 1862 ·

53 1907 91 1938 ta
111 1901 369 1950 reperiuntur;
397 1913 486 1941 cum
511 1902 611 1941 vitiis
639 1904 674 1942 &
701 1902 797 1941 luxu
819 1910 1012 1941 certamen
1035 1902 1130 1942 fuit:
1166 1916 1247 1952 qua:
1275 1916 1340 1953 pe-

50 1961 116 2000 stis
140 1962 267 2020 nimiis
294 1964 433 2014 opibus
459 1973 566 2013 orta,
599 1965 715 2003 etiam
743 1965 782 2003 in
803 1973 1029 2015 paupertate
1056 1967 1092 2004 &
1121 1978 1193 2003 aere
1210 1964 1341 2004 alieno

54 2026 287 2066 remanebat.
319 2040 364 2066 ac
389 2029 534 2077 iidem,
556 2030 621 2079 qui
641 2028 836 2077 justissima
863 2030 994 2068 debita
1019 2042 1236 2079 expungere
1260 2042 1340 2068 non

51 2097 332 2140 poterant‚per
352 2091 541 2131 summam
565 2092 869 2141 turpitudinem,
886 2093 1051 2142 pecunia
1075 2093 1312 2130 creditorum
1327 2122 1340 2141 ‚

56 2151 266 2200 quamlibet
286 2156 510 2203 egentium,
531 2155 581 2192 ad
605 2153 712 2192 suam
735 2154 929 2193 luxuriam
954 2154 1062 2192 abuti
1085 2154 1339 2203 postulabant.

110 2211 242 2252 LVIII.
273 2214 464 2266 Unguenta
493 2215 607 2264 igitur
627 2216 791 2262 exotica,
815 2214 891 2252 hoc
919 2214 1024 2252 enim
1048 2214 1279 2253 vocabulum
1300 2215 1340 2253 in

57 2270 184 2310 edicio
205 2272 306 2320 fuit,
336 2277 469 2323 vendi;
497 2275 618 2312 vinum
642 2276 722 2313 'item
745 2276 900 2313 Graecum
928 2276 1180 2328 Amineumque
1204 2276 1268 2329 (in
1297 2289 1343 2315 ea

56 2333 235 2381 regione,
258 2333 325 2372 ubi
341 2334 472 2385 postea
484 2334 688 2374 Falernum
715 2336 813 2384 fuit,
830 2337 980 2376 Aminei
1001 2337 1183 2388 fuerunt)
1209 2340 1342 2378 offonis

58 2500 87 2537 A
103 2456 222 2537 {hLV.
245 2459 372 2505 Fragm.
401 2458 551 2504 Capitol.
575 2458 720 2503 Appian.
735 2458 860 2505 Vellej.
880 2469 899 2493 2
912 2485 924 2503 ,
940 2471 994 2494 20.
1017 2461 1039 2507 5
1062 2461 1168 2499 LVII.
1192 2463 1264 2496 Cic.
1278 2474 1341 2508 pro

91 2514 104 2538 r
151 2525 161 2536 .
1055 2518 1058 2519 ⁷
