1638 2937
276 179 370 229 '188
444 182 538 229 JO.
571 143 1064 230 FREINRSHEMH
1103 184 1465 236 SUPPLEM.

276 287 477 329 Romanos
510 289 865 341 Mithridaticosque
894 292 1010 331 duces
1044 292 1146 332 varia
1181 293 1333 334 fortuna
1365 303 1561 336 certatum

279 351 343 389 est.
366 352 445 391 Afia
467 352 589 391 ferme
614 362 694 392 tota
712 356 809 404 regis
826 362 924 395 erat:
947 355 1012 393 nisi
1035 356 1140 404 quod
1162 356 1208 395 ab
1237 356 1434 397 obfidione
1455 358 1564 398 Rho-

279 412 320 450 di
347 412 520 463 repulso,
556 416 672 454 etiam
708 417 909 467 Magnetes
941 417 1138 456 fortiffime
1172 418 1396 458 resistebant.
1438 421 1491 460 Hi
1525 422 1563 460 Sc

279 473 371 512 alias
408 474 617 525 plurimum
656 477 788 515 damni
816 477 926 528 regiis
956 477 1188 518 attulerant:
1228 481 1263 518 &
1302 480 1564 527 Archelaum,

278 535 394 585 paulo
422 545 535 585 ante,
565 551 681 587 quam
707 538 746 576 in
774 539 957 578 Graeciam
980 539 1078 586 iret,
1107 539 1200 579 fines
1230 540 1316 580 suos
1344 540 1460 579 effusa
1486 553 1565 590 po·-

281 597 481 647 pulatione
512 600 794 647 devastantem,
826 600 957 639 multis
996 600 1243 640 barbarorum
1271 603 1440 651 necatis,
1480 602 1566 642 sau-

280 659 483 702 ciaverant.
522 661 618 700 Inde
646 673 734 700 cum
764 662 933 700 maximo
962 664 1129 702 exercitu
1162 664 1396 704 circumsessa
1436 677 1564 715 oppu-

279 728 470 771 gnataque
492 722 581 761 urbs
605 735 738 761 eorum
765 736 784 761 a
799 723 1074 763 Mithridaticis
1089 725 1315 775 praetoribus
1331 726 1440 773 esset,
1462 725 1564 765 sum-

279 793 342 820 ma
370 784 511 822 virtute
537 783 690 822 defensa
714 783 778 822 est.

341 845 485 886 XLIX.
510 846 554 886 In
581 846 746 886 Thracia
773 854 885 895 atque
917 847 1149 889 Macedonia
1175 848 1409 900 prosperiora
1433 850 1564 888 omnia

276 906 388 954 regiis
416 916 532 946 erant.
564 907 761 955 Thraces,
782 907 1019 948 Mithridatis
1043 920 1165 959 partes
1192 909 1310 949 secuti
1323 912 1455 957 ‚··duce
1479 910 1564 949 filio

280 968 378 1016 regis
394 968 596 1017 Arcathia‚
628 970 765 1008 deinde
778 969 1034 1009 Dromic'naete
1056 972 1149 1021 regii
1177 971 1368 1022 sanguinis
1389 971 1563 1020 Thrace,

279 1038 389 1079 capta
424 1030 675 1081 Amphipoli,
717 1032 924 1070 numerosis
960 1033 1176 1081 agminibus
1210 1025 1486 1073 Macedoniam
1524 1036 1562 1072 δε

279 1090 512 1140 propinquas
543 1091 598 1130 illi
633 1092 805 1142 regiones
840 1092 1062 1132 invaserant,
1098 1094 1248 1133 Horum
1281 1094 1562 1134 incursionibus

278 1149 415 1199 Epirus
448 1153 484 1191 ὅ(
509 1152 651 1203 reliqua
675 1153 881 1193 Dodonam
901 1153 1017 1204 usque
1043 1155 1181 1195 afflicta
1203 1155 1312 1196 sunt:
1346 1155 1471 1206 ipsum
1492 1156 1562 1204 Jo-

278 1211 336 1250 vis
360 1212 547 1253 Dodonaei
584 1214 771 1265 templum
801 1215 997 1266 sacrilegas
1027 1229 1159 1256 eorum
1196 1231 1328 1257 manus
1354 1232 1430 1257 non
1467 1217 1566 1256 effu-

279 1272 344 1322 git.
369 1273 601 1324 Delphicum
629 1290 781 1328 quoque
806 1277 1008 1317 delubrum
1025 1309 1037 1326 ‚
1062 1279 1258 1329 postquam
1286 1280 1565 1330 antiquioribus

278 1336 518 1384 temporibus
550 1337 608 1376 bis
645 1339 843 1379 incensum
872 1340 1028 1388 sufflet,
1058 1349 1141 1379 tum
1173 1341 1330 1380 tertium
1362 1354 1383 1380 a
1406 1341 1565 1383 Thraci.

280 1395 351 1434 bus
371 1396 653 1438 inflammatum
678 1400 741 1440 est.
782 1422 785 1424 ,

336 1459 377 1498 L.
404 1460 453 1499 Iis
477 1463 560 1511 post
574 1462 759 1502 Arcathiae
782 1471 945 1503 mortem
961 1464 1113 1505 Taxiles
1138 1478 1225 1505 cum
1256 1467 1420 1517 imperio
1445 1479 1562 1517 praee-

279 1528 359 1568 rat,
400 1524 485 1574 qui,
514 1524 799 1565 Atheniensium
833 1527 1033 1567 obfidione
1063 1529 1219 1577 audita,
1259 1542 1349 1568 cum
1388 1529 1560 1570 Elateam

280 1582 462 1624 Phocidis
493 1586 628 1626 urbem
650 1589 934 1629 circumfideret
952 1621 962 1638 ,
986 1591 1113 1644 copias
1135 1590 1174 1629 in
1197 1591 1362 1631 Atticam
1387 1592 1564 1630 transdu-

281 1656 367 1683 cere
393 1647 562 1687 instituit.
587 1649 767 1690 Habebat
791 1659 921 1690 autem
949 1651 1020 1690 sub
1045 1652 1155 1702 fignis
1179 1660 1332 1691 centum
1360 1653 1568 1703 peditum,

283 1706 419 1745 dccem
450 1710 622 1758 equitum
657 1712 801 1760 millia,
834 1725 923 1752 cum
951 1716 1160 1765 nonaginta
1186 1714 1360 1754 curribus
1383 1715 1529 1754 falcatis
1547 1729 1564 1763 ;-

284 1781 353 1818 per
385 1769 422 1807 se
452 1770 597 1810 validas
639 1774 686 1812 ad
716 1775 916 1824 quodlibet
949 1775 1093 1816 bellum
1127 1777 1250 1825 vires,
1282 1778 1423 1815 nedum
1448 1778 1473 1816 fi
1503 1781 1567 1816 Ar·

280 1830 416 1870 cbelao
438 1834 667 1883 jungeretur.
692 1838 780 1886 Quo
806 1838 930 1876 minus
952 1840 1281 1878 committendum
1304 1839 1407 1879 Sulla
1433 1847 1535 1878 ratus
1546 1851 1562 1888 ‚·

282 1903 326 1931 ut
350 1893 431 1942 post
447 1904 598 1945 captam
628 1897 762 1936 urbem
778 1928 789 1946 ‚
811 1900 860 1937 ad
887 1898 1051 1949 reliquas
1075 1902 1308 1940 munitiones
1332 1908 1483 1950 tempus
1506 1909 1567 1939 te-.

283 1965 410 2003 reret,
437 1956 627 1997 obsidioni
665 1960 760 1998 arcis
794 1960 1000 2000 Curionem
1026 1963 1219 2011 praefecit:
1255 1963 1435 2002 Biraeeum
1459 1961 1563 2000 sum-

283 2017 356 2055 mis
381 2018 523 2058 viribus
543 2023 793 2071 oppugnavit.
820 2035 945 2072 neque
962 2024 1066 2072 prius
1090 2024 1250 2071 destitit,
1281 2036 1413 2073 quam,
1436 2021 1568 2072 repul«

282 2079 328 2118 fis
353 2082 536 2122 continua
566 2082 732 2123 telorum
758 2083 881 2123 imbre
906 2084 1255 2136 propugnatoribus
1271 2115 1282 2134 ,
1312 2085 1409 2124 muri
1431 2097 1567 2124 recen<

281 2142 329 2181 tis
355 2143 526 2184 lunatam
553 2155 700 2196 partem
726 2147 969 2186 convelleret.

346 2205 406 2246 LI.
440 2208 515 2247 Sed
544 2220 632 2247 cum
669 2218 801 2259 optato
829 2210 969 2250 laboris
999 2219 1164 2260 eventu«,
1201 2225 1279 2250 non
1310 2211 1433 2250 statim
1461 2217 1564 2260 praed

283 2269 403 2308 mium
427 2270 544 2310 etiam
576 2270 768 2322 speratum
799 2271 918 2312 affuit.
944 2274 1371 2325 ·Q1ippe-·interiorem
1408 2285 1563 2328 murum

330 2407 351 2439 G
376 2408 532 2440 XLVIII.
555 2409 872 2442 Pausan.1.1.Liv.
896 2410 986 2454 Epit.
1009 2409 1119 2441 Tacit.
1140 2409 1317 2460 Memnon
1335 2407 1478 2439 Diodor.
1502 2418 1540 2448 ap

283 2450 396 2484 Vales.
427 2452 447 2494 ς
473 2453 592 2484 XLIX.
614 2454 702 2486 plut.
731 2453 870 2488 Pausan.
895 2456 916 2499 5
939 2455 977 2488 L.
1000 2448 1089 2487 Flor.
1114 2463 1153 2497 3,
1161 2458 1202 2495 5.
1231 2451 1333 2486 Οτοίῖ.
1363 2449 1409 2493 6,
1419 2462 1461 2484 2.
1485 2419 1559 2494 Agr>-

279 2495 667 2540 pian.Mithrid.l>1ut.
696 2498 781 2531 Plin.
