1638 2937
270 155 362 220 376
429 156 521 204 JO.
558 155 1057 206 FREINSHEMII
1093 159 1450 209 SUP-PLEMs

269 261 432 302 Lucullo
470 277 606 315 magna
638 277 725 304 cum
756 265 875 316 gloria
909 267 1118 317 fulgebant.
1154 268 1321 307 Omnem
1359 270 1437 318 jam
1466 264 1546 309 non

269 333 531 366 commeatum
563 327 680 365 modo
709 324 974 375 Mithridates,
1006 327 1070 366 sed
1096 328 1210 366 etiam
1245 342 1361 379 opes,
1392 330 1545 380 copias,

266 385 375 436 spem
400 388 563 439 denique
589 391 848 439 expugnandae
872 391 1002 441 Cyzici
1018 390 1282 431 consumserat.
1312 392 1431 443 Igitur·
1452 393 1548 432 Her·

269 459 368 491 maeo
391 449 580 499 Varioque
604 451 751 489 traditis
782 451 975 501 peditibus
990 482 1003 498 ‚
1033 465 1196 502 quorum
1223 466 1403 492 numerus
1420 453 1547 493 adhuc

271 510 426 560 triginta
453 513 569 552 millia
601 513 826 563 superabat,
854 514 1148 571 ipse'maritimo
1172 516 1306 556 itinere
1327 516 1366 555 in
1387 529 1547 567 regnum

269 573 465 622 cogitabat
493 575 640 613 reverti.

323 634 577 683 XllsNoeru,
607 649 681 685 quo
716 636 864 676 falleret
894 637 1079 685 obsessos,
1105 640 1281 690 conskendi
1306 640 1452 692 navigia
1474 638 1547 687 juf-
1574 624 1581 637 Ι

268 694 328 739 fit.
362 698 436 736 Sed
460 709 504 735 ea
527 699 680 746 maj0ris
703 699 972 749 trepidationis
997 699 1104 738 causa
1128 700 1213 739 fuit.
1249 702 1342 740 dum
1374 702 1471 739 inter
1494 711 1547 740 te-

265 757 430 804 nebras,
459 766 563 797 metu
586 761 837 799 reverentiam
873 761 1023 811 imperii
1061 761 1264 811 vincente,
1303 763 1475 801 certatim
1511 764 1548 801 δε

265 820 485 869 promiscue
511 823 558 861 ad
587 836 699 861 naves
727 824 870 870 ruitur,
901 825 1072 873 quaedam
1102 826 1154 864 ita
1183 837 1269 864 cum
1296 825 1374 873 his,
1404 826 1469 875 qui
1489 825 1548 863 in-

265 880 518 932 scenderant‚
539 883 729 923 submersa
754 885 860 933 sunt3
887 886 968 924 aliae
989 885 1148 925 turbatae
1172 896 1284 936 atque
1309 887 1546 927 circumactae

266 943 358 994 plus
388 944 516 983 adhuc
543 958 657 985 morae
679 947 1066 998 consternationisque
1093 948 1278 987 fecerunt.
1314 949 1400 988 Hoc
1427 950 1547 989 mod'o

265 1018 367 1055 aegre
391 1005 521 1045 solutis
538 1008 712 1056 ancoris,
736 1008 884 1048 Parium
906 1021 972 1047 rex
997 1010 1178 1059 pervenit.
1200 1009 1316 1058 Quod
1339 1009 1405 1048 ubi
1422 1009 1550 1059 postri-

267 1070 332 1108 die
361 1083 382 1109 a
407 1070 607 1121 Cyzicenis
640 1072 692 1110 est
715 1073 935 1123 cognitum,
967 1080 1209 1110 excurrentes
1239 1073 1279 1111 in
1308 1072 1464 1112 Pontica
1490 1084 1550 1111 ca-

267 1133 367 1181 stra,
394 1132 576 1183 reliquam
604 1135 939 1184 adhue-aegrotam
961 1133 1246 1175 multitudinem
1274 1134 1551 1185 conciderunt,⁴

269 1193 434 1243 ablatis,
461 1208 543 1246 quae
564 1197 658 1235 verti
690 1197 728 1235 in
757 1197 926 1246 praedam
955 1203 1143 1245 poterant.

322 1257 431 1296 XIII.
476 1257 554 1296 Sub
588 1257 693 1296 idern
726 1265 880 1307 tempus
913 1255 1116 1296 Archelaus
1156 1255 1275 1295 claffis
1312 1257 1422 1307 regiae
1455 1269 1552 1307 prae·

266 1318 396 1358 festus
423 1319 684 1371 (Aristonicum
708 1317 931 1358 Plutarchus
955 1316 1152 1371 appellat)
1176 1317 1216 1358 in
1237 1318 1459 1367 potestatem
1480 1318 1553 1357 Lu-

270 1378 364 1417 culli
393 1379 576 1427 pervenit.
608 1379 765 1419 Miserat
791 1392 877 1418 eum
910 1378 1180 1426 Mithridates,
1210 1387 1252 1417 ut
1277 1379 1475 1428 negotium
1497 1379 1551 1417 fa-

267 1442 426 1481 cesseret
456 1441 573 1490 hosti,
605 1455 652 1481 ne
680 1443 921 1482 recedentem
947 1455 968 1480 a
994 1441 1134 1492 Cyzico
1172 1441 1273 1491 sequi
1307 1440 1450 1491 posset:
1488 1442 1552 1481 de-

268 1504 456 1553 deratque
483 1505 619 1543 decem
647 1504 769 1544 millia
796 1517 1019 1552 aureorum,
1052 1504 1100 1542 ad
1127 1503 1361 1543 Fimbrianas
1386 1516 1554 1542 eorsum·

267 1566 418 1618 pendas
444 1566 625 1618 legiones,
665 1568 740 1607 Sed
771 1567 858 1615 ille,
877 1567 994 1606 fidem
1019 1579 1040 1606 a
1063 1566 1217 1617 perfidis
1242 1567 1374 1615 inepte
1404 1565 1552 1615 sperare

265 1626 404 1676 ausus,
430 1640 519 1668 cum
547 1637 729 1678 tanquam
754 1629 804 1667 ad
827 1628 1072 1678 accipiendas
1100 1627 1226 1677 copias
1247 1627 1432 1665 destinato
1455 1636 1553 1666 tem-

269 1702 368 1741 pore
389 1689 567 1738 veniffet,
581 1690 711 1729 occifis
723 1721 733 1739 ‚
753 1703 848 1740 quos
865 1690 991 1729 seeum
1008 1690 1240 1737 adduxerat,
1256 1688 1555 1738 comprehendi-

270 1759 346 1791 tur.
366 1750 546 1790 Lucullus
559 1780 570 1799 ‚
588 1752 719 1791 audito
733 1784 743 1800 ‚
759 1752 949 1802 pedestres
973 1751 1206 1791 Mithridatis
1225 1752 1353 1801 copias
1374 1750 1555 1801 Lampsa-

271 1826 366 1854 cum
390 1822 538 1863 petere,
568 1814 752 1853 continuo
780 1813 993 1861 insecutus,
1019 1813 1067 1852 ad
1096 1812 1274 1862 AEsepum
1313 1823 1468 1850 amnem
1490 1812 1555 1851 de-

267 1874 501 1926 prehendit,
524 1874 587 1924 qui
609 1882 693 1913 tum
714 1876 803 1913 anni
836 1883 1012 1924 tempore
1037 1873 1214 1924 pluvioso
1240 1873 1450 1924 plurimum
1474 1886 1556 1912 cre-

269 1945 387 1976 verat.
421 1936 478 1976 Ibi
511 1937 696 1976 Granicus
727 1939 763 1976 &
791 1936 948 1987 AEsepus
975 1949 1107 1975 amnes
1137 1946 1381 1976 cruentarunt
1405 1925 1551 1985 undas;

271 1995 543 2048 regiorumque
579 1998 717 2049 partim
744 1999 853 2048 aquis
885 1998 1017 2037 hausta
1037 2028 1048 2046 ,
1074 1999 1214 2048 partim
1241 1998 1438 2038 hostilibus
1464 2011 1556 2037 con-

271 2060 351 2099 cisa
380 2061 515 2109 armis,
550 2060 599 2099 ad
624 2059 741 2099 millia
773 2059 908 2110 viginti
945 2061 1149 2110 perierunt.
1181 2073 1340 2110 magnus
1373 2070 1554 2111 praeterea

271 2132 406 2173 captus
433 2124 485 2163 est
514 2136 722 2166 numerus:
755 2122 956 2175 plusquam
985 2122 1167 2169 undecim
1192 2123 1312 2163 millia
1343 2123 1382 2162 in
1414 2123 1552 2175 proelio

272 2186 506 2225 ceciderunt.
862 2177 865 2179 ‚

326 2247 432 2286 XIV.
451 2246 626 2294 Ceteros,
648 2257 737 2285 cum
754 2245 794 2285 se
809 2245 1059 2284 munimentis
1073 2244 1205 2295 oppidi
1227 2243 1459 2289 claustffent,
1478 2242 1554 2283 Lu-

271 2308 394 2351 cullus
416 2308 566 2351 obsedit
585 2322 594 2348 :
621 2308 747 2348 donec
766 2322 788 2348 a
803 2309 1033 2350 Mithridate
1055 2309 1161 2349 miffa
1185 2307 1306 2347 classis
1321 2337 1332 2355 ,
1354 2309 1388 2347 ὁὶ
1402 2306 1498 2355 illis,
1515 2308 1553 2346 δε

319 2426 341 2468 5
365 2426 424 2458 XI.
459 2426 559 2459 Oros.
589 2439 626 2468 ς,
651 2439 705 2469 25.
729 2430 804 2463 [ἀν.
833 2430 926 2475 Epit-
959 2429 982 2475 ἓ
1009 2428 1102 2466 Xlll.
1129 2428 1220 2465 Plut.
1248 2429 1284 2462 in
1312 2427 1445 2462 Lucull.
1468 2425 1547 2462 Me:q

271 2479 387 2509 miron.
408 2471 554 2516 Appian.
578 2472 667 2511 flor.
692 2483 733 2520 32
755 2483 788 2514 5<
868 2477 872 2479 ’
