1638 2937
226 200 344 259 r'IN
397 209 1198 259 LOC.L13.Lxqu1v.
1317 224 1378 277 19·

87 328 172 362 tum
196 318 351 372 paribus
372 319 471 358 inter
491 317 529 356 se
551 317 688 356 animis
708 315 927 366 viribusque
950 318 1244 360 concurrebant.
1271 320 1377 360 Nam

84 386 113 425 si
137 384 325 435 populos,
345 382 409 432 qui
434 381 684 428 defecerunt,
714 392 801 419 cum
834 379 1023 420 Romanis
1047 392 1258 432 eorumque
1284 383 1379 422 fide·

87 446 191 485 libus
209 445 321 484 sociis
345 455 566 493 compares3
590 441 654 481 vix
678 442 860 492 reperias,
886 452 1010 480 utram
1031 441 1198 491 partium
1220 452 1286 482 aut
1308 444 1380 484 ho.

88 508 241 547 minum
267 517 454 552 numero,
478 512 544 542 aut
574 504 740 542 militum
769 494 926 553 genere,
964 512 1030 542 aut
1052 505 1301 543 munimentis
1325 505 1381 544 lo.

91 580 247 617 corum,
278 566 499 617 antepOnas.
535 579 627 617 opes
657 579 837 616 quoque,
873 567 1148 616 pecuniarum,
1186 579 1381 607 commea-

90 638 228 678 tuum,
244 642 438 669 armorum
464 629 595 680 copias
621 628 805 679 aequales;
825 629 968 668 ducum
993 629 1106 668 etiam
1128 628 1233 668 haud
1257 631 1381 680 impa-

89 705 151 731 res
176 691 327 742 spiritus
356 691 527 742 artesque
556 692 832 742 deprehendas.
862 692 1021 731 Senatus
1044 691 1148 731 haud
1171 692 1287 731 dubie
1304 693 1383 732 Ro-

90 747 229 794 manus
259 755 483 794 auctoritate
509 767 712 804 rerumque
740 755 808 793 usu
834 755 949 805 longe
970 754 1193 805 praestabat3
1220 755 1285 794 sed
1310 755 1383 794 ho-

93 830 179 856 rum
209 818 288 856 vim
317 824 431 866 atque
462 815 567 856 velut
595 818 720 856 aciem
751 818 908 856 internae
939 817 1145 856 seditiones
1176 818 1210 857 ἂ
1245 814 1383 857 inolita

92 878 188 918 vitia
215 878 472 918 hebetabant:
507 878 686 918 Italicum
720 877 903 917 industria
933 878 1134 927 firmabat,
1160 881 1196 919 δε
1222 891 1382 918 concor-

92 942 183 990 dia,
204 942 408 991 favensque
433 943 545 981 novis
569 941 706 992 coeptis
731 940 922 980 humanus
941 942 1112 991 animus,
1131 944 1166 982 &
1185 942 1314 982 onmia
1339 943 1380 982 in

92 1003 289 1056 principiis
311 1004 482 1044 meliora.

68 1120 81 1125 K
149 1074 270 1114 XLV.
298 1073 465 1112 Fortuna
490 1086 644 1124 quoque
670 1072 798 1113 adesse
822 1073 994 1125 partibus
1017 1072 1118 1113 visa:
1153 1073 1382 1125 plerumque

91 1133 353 1187 superioribus
375 1137 473 1175 inter
499 1136 608 1175 initia
630 1135 819 1175 sociorum
848 1136 981 1185 rebus;
1009 1136 1101 1175 dum
1127 1136 1165 1174 in
1188 1136 1281 1176 urbe
1304 1137 1383 1176 Ro-

93 1210 209 1242 mana
235 1197 438 1247 quaestione
461 1197 694 1247 majestatis,
720 1198 760 1236 in
787 1198 912 1237 castris
944 1196 1222 1247 suspicionibus
1258 1198 1383 1236 infen-

93 1260 135 1300 sa
153 1261 283 1300 onmia
305 1263 340 1301 Sc
356 1261 544 1312 impedita
559 1260 656 1300 sunt.
680 1260 841 1301 Nullum
864 1263 943 1310 jam
961 1261 1113 1309 Rornae,
1128 1261 1192 1299 nifi
1208 1260 1292 1311 lege
1306 1261 1383 1299 Va-

94 1325 175 1373 ria,
201 1325 393 1374 judicium
415 1325 685 1374 exercebatur,
708 1339 783 1375 quo
809 1333 944 1376 praeter
974 1325 1069 1365 alios
1096 1326 1144 1375 Q.
1174 1325 1383 1375 Pompeius

94 1386 247 1435 Rufus,
273 1389 309 1426 ἃ
331 1387 389 1426 Μ.
416 1388 602 1426 Antonius
627 1395 752 1426 orator
768 1387 917 1426 causam
947 1387 1139 1426 dixerunt.
1172 1386 1271 1426 Cum
1291 1385 1381 1425 satis

96 1446 239 1486 irarum
270 1447 436 1498 caecique
462 1457 589 1488 metus
615 1449 722 1488 domi
748 1449 861 1497 esset,
881 1449 1010 1495 (acrius
1039 1447 1272 1487 exulceravit
1300 1447 1384 1486 ani-

97 1522 183 1548 mos
206 1511 243 1549 P.
270 1510 401 1549 Rutilii
430 1511 595 1550 consulis
618 1512 877 1562 imprudentia
892 1541 904 1560 ‚
934 1511 1024 1561 qui,
1051 1510 1207 1550 consilia
1227 1509 1290 1549 sua
1311 1509 1382 1549 ho-

97 1571 214 1610 stibus
247 1574 359 1622 prodi
388 1574 544 1622 videns,
562 1586 651 1612 cum
675 1575 775 1614 viros
804 1574 1011 1625 patricios,
1040 1587 1135 1625 quos
1159 1573 1288 1612 secum
1315 1573 1383 1613 ha-

96 1633 233 1683 bebat,
252 1636 421 1674 criminis
443 1639 525 1686 ejus
540 1650 644 1676 1re00⁴⁴
665 1638 913 1689 designasset,
935 1651 1016 1677 rem
1040 1651 1118 1677 non
1137 1637 1385 1689 perquisitam

97 1696 246 1738 senatui
280 1700 508 1750 perscripsit.

153 1769 292 1809 XLVI.
330 1771 467 1820 Neque
504 1771 667 1811 dubium
698 1772 775 1820 est,
805 1774 899 1822 quin
930 1786 1092 1824 magnus
1126 1773 1218 1812 inde
1253 1780 1383 1812 motus

99 1828 262 1868 oriturus
286 1830 400 1869 fuerit
415 1863 425 1879 ,
450 1832 489 1870 ni
516 1840 665 1871 mature
692 1833 891 1873 emerfisset
915 1847 1017 1873 error
1034 1867 1044 1883 ‚
1073 1835 1226 1885 verique
1246 1827 1386 1885 ¹prodi-

99 1899 115 1918 <
130 1893 214 1930 onis
237 1896 432 1943 auam-eq,
454 1904 598 1934 temere
617 1895 808 1946 suspectos
831 1897 1002 1947 periculo
1024 1898 1251 1938 liberassent.
1279 1899 1384 1938 Mar-

97 1951 122 1992 si
147 1955 304 2003 quidam
321 1985 331 2003 ,
358 1956 524 1995 immixti
546 1957 808 1997 Romanorum
829 1957 1140 2008 pabulatoribus,
1166 1963 1202 2000 ὃς
1227 1973 1294 2010 pro
1328 1959 1385 1998 so-

99 2014 169 2051 ciis
197 2012 235 2052 se
261 2025 433 2064 gerentes
450 2047 460 2065 ,
500 2017 616 2056 castra
640 2017 749 2057 simul
777 2019 928 2069 ingredi
955 2019 1252 2059 consueverant:
1292 2020 1385 2058 inde

99 2088 184 2125 quae
213 2077 291 2115 visu
312 2079 528 2132 >audituque
561 2081 920 2131 comperiebantur,
950 2083 1024 2122 suis
1053 2083 1207 2122 occulte
1234 2082 1385 2122 nuntia-

100 2136 204 2177 bant.
226 2139 296 2179 His
310 2139 496 2192 supplicio
515 2141 682 2191 affectis,
697 2144 870 2183 restinc‘ta
892 2145 1012 2193 magis
1035 2143 1384 2194 praesensinvidffl,

103 2210 221 2248 quarn
243 2213 291 2239 ex
307 2201 489 2252 suspicaci
512 2202 676 2243 consulis
696 2206 855 2254 ingenio
877 2203 1005 2243 evulsa
1029 2204 1247 2243 sollicitudo
1271 2205 1334 2244 est.

170 2260 328 2302 XLVII.
355 2265 458 2304 Nam
489 2268 525 2305 ἃ
555 2266 599 2306 C.
626 2266 818 2314 Marium,
848 2266 937 2306 licet
961 2267 1220 2317 propinquum
1247 2266 1354 2319 suum
1373 2297 1386 2317 ,

101 2320 142 2361 id
158 2335 268 2373 agere
292 2325 482 2375 putabat,
508 2335 573 2375 ut,
590 2327 758 2379 praesenti
785 2342 887 2368 anno
909 2328 1072 2381 segniter
1098 2332 1292 2380 extracto,
1318 2330 1383 2371 ille

152 2460 174 2504 g
199 2460 305 2493 XLV.
327 2461 469 2496 Diodor.
496 2466 518 2499 1.
537 2475 591 2511 35,
615 2465 702 2501 Idem
720 2478 774 2513 ap.
801 2467 1014 2507 Vales..Cic.
1037 2469 1072 2502 in
1096 2470 1188 2504 Brut.
1213 2481 1241 2505 c.
1261 2469 1316 2515 89.
1343 2470 1378 2506 ὅ(

102 2513 203 2548 Ture.
228 2515 342 2559 quaest.
367 2527 385 2551 2
401 2542 410 2560 ,
427 2528 481 2561 24.

1044 2576 1075 2623 Β
1098 2593 1121 2625 2
