1638 2937
282 188 374 236 354
440 172 1056 221 JO.FRE1NSHEM11
1104 164 1466 225 SUPPLEM.

280 283 402 331 animi
420 289 544 321 metus
566 281 639 329 est,
656 281 893 322 Heracleotae
916 280 1026 322 multi
1048 284 1096 322 ad
1116 296 1229 322 naves
1247 285 1454 334 venissent,
1471 296 1570 337 prae.

277 344 399 383 fer-ius
425 340 547 383 claffis
571 342 801 391 Archelaus,
830 343 1002 383 Silenum
1035 352 1149 394 atque
1171 346 1345 396 Satyrum
1373 359 1393 385 e
1420 347 1563 398 primo-

279 408 384 448 ribus
409 408 571 447 civitatis
595 407 921 458 comprehendit:
952 420 1078 458 neque
1112 417 1222 448 antea
1251 409 1417 456 dimisit,
1449 422 1566 460 quam

279 471 329 510 ad
363 470 610 508 redimendos
645 483 711 509 eos
741 482 854 509 naves
892 473 1062 522 quinque
1089 472 1339 512 traderentur.
1378 473 1413 513 Is
1451 481 1566 512 evena-

276 540 455 573 tuscum
477 532 561 571 talis
585 531 699 580 esset,
723 540 766 571 ut
786 533 914 583 potius
945 546 993 572 ex
1013 535 1215 583 compaeto
1233 565 1243 582 ,
1261 545 1375 584 quam
1401 534 1487 574 casu
1506 547 1565 574 res

277 594 377 644 gesta
393 593 604 639 videretur3
627 593 819 642 Romani,
847 593 1061 643 publicanis
1086 593 1313 633 Heracleam
1338 594 1477 643 millis,
1502 607 1566 634 ve-

278 656 418 706 ctigal,
437 665 480 696 ut
504 669 549 695 ex
570 655 651 694 aliis
676 656 775 694 circa
796 654 979 702 urbibus,
1006 656 1158 706 exigere
1183 665 1393 705 coeperunt.
1417 657 1461 696 Id
1485 655 1567 695 vul-

277 731 371 767 gus,
397 719 433 756 δε
471 716 494 755 si
527 716 588 766 qui
621 715 687 754 alii
721 716 1025 766 propensioribus
1051 716 1089 754 in
1116 729 1243 767 regem
1271 717 1407 755 animis
1437 727 1565 764 erant,

278 780 518 831 principium
553 778 742 818 servitutis
773 780 1040 829 interpretati,
1068 791 1157 818 cum
1192 779 1340 830 legatos
1363 780 1407 819 iis
1438 781 1485 820 de
1512 793 1567 819 rea

279 842 350 882 bus
377 842 434 883 ÷ad
472 840 645 881 senatum
687 841 785 879 mitti
817 841 1064 891 praestitiffet,
1093 842 1332 880 audacissimi
1367 842 1565 892 cujusdam

278 902 446 943 hominis
481 903 652 942 oratione
685 903 855 950 accensi,
887 903 1113 953 publicanos
1141 904 1193 942 ita
1232 905 1427 954 privarunt
1454 904 1564 951 luce,

277 971 321 1002 ut
347 976 396 1001 ne
416 976 534 1013 genus
560 962 714 1012 quidem
737 963 869 1002 mortis
885 992 895 1010 ,
923 976 999 1012 quo
1029 965 1243 1012 perierunt,
1268 964 1311 1002 {it
1333 966 1544 1015 cognitum.

330 1024 424 1064 XX.
449 1024 523 1063 Sed
546 1023 639 1062 illud
661 1024 796 1063 odium
815 1024 977 1076 Romani
1004 1024 1190 1070 nominis,
1208 1035 1343 1074 praeter
1368 1025 1566 1065 licentiam

276 1087 495 1139 praesidiarii
521 1087 677 1136 militis,
708 1090 743 1126 ἅ
770 1087 1045 1127 Foeneratorum
1071 1087 1316 1136 improbitas,
1350 1089 1385 1126 ὃς
1411 1096 1565 1135 eorum,

273 1150 338 1198 qui
361 1147 562 1197 publicum
584 1148 838 1196 exercebant,
864 1148 1012 1197 injufiae
1041 1149 1093 1187 ita
1120 1147 1389 1197 vulgaverant,
1421 1156 1463 1185 ut
1486 1146 1569 1198 pas-

274 1210 341 1248 sim
364 1208 535 1246 venienti
556 1206 780 1247 Mithridati
799 1217 918 1257 portae
937 1206 1211 1256 panderentur..
1253 1207 1454 1247 Praesertim
1478 1210 1566 1260 quia

274 1271 332 1312 M.
347 1269 480 1309 Varius
500 1269 648 1308 senator
672 1281 720 1307 ex
744 1268 985 1318 proscriptis,
1011 1267 1139 1307 missus
1156 1281 1176 1307 a
1200 1268 1249 1318 Q.
1268 1270 1457 1317 Sertorio,
1476 1283 1565 1311 cum

275 1334 319 1374 L.
343 1332 475 1382 Magio
495 1334 530 1372 ἅ
551 1332 588 1371 L.
613 1332 761 1371 Fannio
777 1362 788 1380 ,
805 1331 950 1370 confilii
974 1331 1084 1371 causa
1112 1332 1253 1371 additis
1271 1362 1282 1380 ,
1311 1345 1358 1371 ex
1386 1333 1568 1384 Hispania

275 1394 325 1433 ad
357 1406 487 1443 regem
518 1402 685 1432 venerat.
724 1393 861 1440 Vario,
888 1394 993 1444 quod
1019 1394 1280 1444 proconsulari
1307 1396 1490 1446 potestate
1516 1397 1566 1436 ab

275 1455 496 1497 Sertoriano
523 1455 653 1494 senatu
684 1462 766 1507 erat
785 1464 966 1503 ornatus,
995 1456 1115 1495 fasces
1144 1456 1364 1507 securesque
1393 1458 1567 1508 praefere-

277 1518 444 1564 bannum
486 1517 595 1566 eique
631 1516 779 1566 primas.
813 1517 1054 1556 concedente
1087 1517 1340 1566 Mithridate,
1375 1531 1395 1557 a
1427 1519 1564 1568 quibus

276 1577 559 1628 recipiebantur
592 1577 773 1625 urbibus,
797 1577 881 1617 aliis
904 1577 1120 1619 libertatem
1135 1610 1146 1628 ‚
1168 1579 1250 1618 aliis
1277 1581 1563 1620 immunitatem

277 1642 429 1683 Sertorii
464 1643 622 1680 nomine
645 1641 896 1681 concedebat.

331 1702 442 1743 XXI.
466 1702 554 1750 Quo
580 1710 753 1752 tempore
773 1702 815 1742 C.
835 1701 1101 1750 Caesar‚.tanti
1125 1715 1216 1748 mox
1240 1703 1360 1742 futuri
1389 1702 1455 1741 viri
1480 1702 1561 1753 spe..

275 1765 403 1804 cimen
442 1764 626 1802 memoria
669 1764 830 1815 dignum
866 1766 1012 1805 edidit:
1056 1764 1249 1815 cujusda
1278 1765 1560 1816 adolescentia,

276 1827 431 1878 quando
453 1825 675 1876 pleramque
701 1826 815 1876 hujus
836 1827 998 1867 historiae
1025 1838 1175 1879 partem
1198 1827 1313 1878 paulo
1334 1828 1416 1879 post
1439 1829 1561 1869 faciu-

274 1902 337 1928 rus
365 1890 442 1937 est,
475 1888 651 1938 quaedam
680 1889 859 1939 cognosci
879 1891 1042 1939 pretium
1067 1903 1191 1940 operae
1210 1890 1334 1930 fuerit.
1370 1891 1490 1940 Igitur
1515 1891 1558 1932 C.

273 1951 397 1999 Julius
426 1951 467 1990 C.
499 1952 540 1991 F.
567 1950 606 1990 C.
634 1951 681 1990 N.
707 1950 852 2000 Caesar,
876 1964 995 1990 annos
1025 1952 1103 1991 fere
1135 1952 1398 2003 duodeviginti
1422 1960 1559 2002 natus,

276 2025 366 2052 cum
391 2013 430 2051 in
457 2013 705 2052 matrimonio
729 2012 887 2052 haberet
910 2013 1041 2053 Cinnae
1068 2022 1201 2064 quater
1225 2013 1388 2053 consulis
1412 2013 1527 2053 filiam
1544 2046 1559 2063 2

274 2075 383 2114 nullo
408 2075 525 2113 modo
550 2074 730 2125 compelli
760 2088 781 2113 a
811 2075 996 2115 dictatore
1022 2073 1124 2114 Sulla
1144 2076 1276 2124 'potuit
1292 2082 1370 2122 ,¹ut
1395 2088 1480 2114 eam
1502 2075 1561 2114 di-

274 2139 469 2179 mitteret:
511 2151 600 2177 curn
636 2138 691 2178 M.
719 2136 801 2176 Piso
833 2135 1037 2176 consularis
1067 2138 1258 2185 Anniam,
1296 2138 1399 2186 quod
1428 2137 1560 2176 Cinnae

274 2211 370 2238 uxor
393 2199 533 2247 fuerat,
558 2200 597 2238 in
622 2199 781 2250 gratiam
804 2199 956 2238 victoris
975 2199 1206 2248 repudiaret.
1236 2198 1353 2248 Igitur
1380 2200 1415 2238 ὃς
1439 2198 1559 2237 sacer-

277 2263 411 2309 dotio,
443 2264 478 2301 &
506 2263 633 2301 uxoris
663 2263 778 2310 dote,
818 2263 853 2301 ὃς
879 2260 1073 2312 gentilitiis
1103 2260 1376 2300 hereditatibus
1401 2259 1559 2299 muleta-

275 2329 336 2361 tus
353 2353 364 2371 ,
389 2323 438 2362 ad
464 2335 599 2362 necem
627 2312 889 2374 quaerebatur:
920 2331 961 2361 ut
992 2321 1220 2361 dissimulato
1257 2321 1416 2368 habitu,
1443 2321 1556 2359 noae

276 2438 630 2525 γῗΙΧΧ.Ρ1ιιτ.ὶῐι
655 2440 787 2475 Lucull.
815 2439 848 2474 δε
876 2439 1002 2474 Sertor.
1027 2440 1173 2486 Appian.
1204 2441 1277 2475 Cic.
1307 2441 1407 2476 V.err
1440 2450 1482 2481 ι,
1505 2448 1558 2483 34

314 2496 330 2517 c
359 2494 401 2527 eJ.
428 2495 446 2516 2
492 2496 548 2525 42.
