1638 2937
161 182 240 228 JO.
274 182 356 228 FR.
388 180 544 228 SUPP.
577 181 636 227 ΙΝ
670 180 808 225 LOC.
838 182 885 227 L.
913 181 1064 227 XCIV
1100 183 1220 229 LlV.
1273 186 1363 247 361·

85 287 165 326 ritis
194 287 371 337 prodigio
400 286 590 337 utrisque,
620 299 640 324 a
668 286 876 335 pugnando
907 293 1187 337 temperatum3
1226 289 1365 328 Lucul·

84 347 217 397 Iusque
252 349 300 387 ad
328 348 449 398 priora
481 346 634 386 consilia
668 346 836 385 ducendi
861 345 952 385 belli
985 348 1108 387 rediit.
1141 349 1237 388 Cum
1260 350 1364 390 enim

84 417 143 448 tot
173 409 373 448 hominum
403 409 522 448 millia
547 410 586 446 in
613 408 819 458 conspeetu
842 406 956 447 hostis
977 408 1097 457 alere,
1116 423 1195 449 non
1221 412 1262 450 in
1284 411 1368 451 lon-

83 484 177 521 gum
205 471 316 510 facile
339 472 422 510 fore
448 469 668 512 Mithridati
696 471 892 518 crederet3
931 483 1007 520 quo
1033 472 1174 509 certius
1197 462 1369 522 explora-

85 541 170 580 ret,
203 542 385 582 quantum
414 533 448 571 ei
479 532 676 582 copiarum
710 532 825 580 esset,
861 533 1032 583 captivos
1060 531 1231 583 aliquot,
1266 533 1372 572 seor-

84 597 150 635 iim
179 608 487 645 unumquemque
504 625 514 642 ‚
543 594 646 644 juffit
670 595 824 634 adduci.
861 596 914 635 Ex
941 595 1078 645 quibus
1101 604 1370 646 percontatus,

86 669 170 711 quot
205 660 344 711 quisque
373 658 635 697 contubernales
668 658 706 696 in
733 659 874 710 castris,
909 673 983 695 cum
1013 671 1141 710 quanto
1165 660 1369 697 cibariorum

84 721 184 757 modo
214 719 422 772 reliquzffit‚
456 720 507 758 ita
540 719 727 757 rationem
757 719 869 767 iniit,
907 726 948 757 ut
981 719 1079 758 intra
1104 719 1276 758 triduum
1301 728 1369 759 aut

86 780 332 829 quatriduum
360 781 462 820 fame
487 781 723 821 laboraturos
746 782 983 820 existimaret.

152 842 198 882 H.
233 843 386 883 Idcirco
418 844 679 882 abundantem
713 857 873 883 annonae
902 843 1055 894 copiam
1082 843 1122 882 in
1156 842 1220 883 sua
1252 842 1369 882 castra

85 905 330 955 convehens,
363 906 451 945 satis
478 906 672 954 habebat,
706 907 730 945 fi
764 906 909 946 hostem
945 920 1096 948 annona
1134 905 1370 957 prohiberet.

84 967 156 1008 Per
180 967 278 1008 hanc
303 968 565 1017 occasionem,
590 981 678 1007 cum
706 969 889 1020 equestria
912 969 1045 1020 proelia
1068 970 1279 1019 frequentia
1300 969 1370 1007 fie-

86 1040 195 1079 rent,
224 1032 342 1081 iisque
363 1032 531 1083 superior
553 1032 750 1072 Romanus
773 1031 891 1081 effet3
926 1032 1064 1071 milites
1089 1032 1190 1071 avidi
1211 1044 1368 1082 pugnat,

89 1093 245 1145 nihilque
271 1093 345 1145 fitae
370 1094 494 1132 virtuti
523 1094 657 1132 invium
683 1095 892 1143 jadiantes,
917 1094 954 1131 in
981 1095 1103 1146 bostem
1134 1095 1186 1131 uti
1211 1095 1373 1131 duceren-

86 1167 169 1204 tur,
197 1155 452 1205 postulabant.
490 1155 704 1196 Recusante
740 1154 922 1201 Lucullo,
957 1162 1070 1204 atque
1091 1155 1193 1206 fitam
1228 1156 1375 1205 occ-‹fio-

88 1232 163 1256 nem
191 1217 351 1266 jubente
363 1220 535 1272 spec'lari,
558 1231 677 1269 prope
701 1217 928 1257 seditionem
953 1226 1110 1257 ventum
1126 1247 1137 1264 ,
1160 1217 1219 1254 ve!
1243 1215 1373 1268 injuffic

90 1280 306 1331 imperatoris
334 1294 552 1333 pugnaturos
588 1280 864 1320 clamantibus:
908 1281 1034 1320 donec
1074 1279 1372 1319 accommodata

90 1344 256 1393 tempori
282 1346 456 1385 oratione
490 1345 651 1394 mitigati
691 1345 927 1394 quieverunt.
971 1344 1107 1392 Neque
1140 1340 1263 1379 multo
1290 1340 1374 1390 post

90 1405 323 1455 imperatorii
347 1406 494 1446 consilii
519 1406 716 1445 salubritas
738 1408 938 1456 apparuit,
972 1418 1061 1444 cum
1087 1405 1246 1454 penuria
1268 1415 1375 1442 com-

92 1476 290 1507 meatuum
313 1482 466 1521 movere
497 1469 612 1507 castra
638 1468 884 1508 Mithridates
912 1476 1120 1519 cogeretur.

157 1529 224 1568 ΙΠ.
252 1531 352 1569 Nam
382 1530 471 1578 ille,
507 1544 583 1581 quo
610 1530 810 1570 Lucullum
842 1530 1011 1578 falleret,
1037 1536 1208 1569 coenatos
1232 1525 1374 1566 milites

91 1591 216 1631 statim
240 1592 422 1642 abduxit,
447 1596 600 1632 noc‘tem
629 1592 828 1632 obscuram
851 1601 962 1643 atque
984 1592 1195 1632 nimbosam
1220 1593 1373 1638 metus,

95 1656 131 1693 δέ
157 1654 301 1693 oriente
327 1654 404 1693 sole
434 1656 473 1693 in
493 1655 669 1694 Adrastiae
695 1664 846 1703 monte,
874 1657 939 1706 qui
969 1655 1108 1705 Cyzico
1133 1653 1217 1693 urbi
1237 1653 1288 1691 est
1308 1666 1375 1702 op-

93 1716 266 1768 politus,
291 1717 474 1757 consedit.
515 1718 697 1757 Lucullus
730 1719 940 1768 compofito
970 1719 1123 1768 agmine
1148 1717 1198 1755 ita
1226 1715 1374 1754 insecu-

94 1785 182 1823 tus,
207 1787 249 1816 ut
274 1792 322 1817 ne
348 1782 545 1831 pugnandi
569 1781 765 1821 neceslitas
794 1781 944 1832 imponi
966 1781 1086 1819 invito
1108 1777 1252 1828 posset,
1273 1779 1377 1818 circa

94 1838 325 1890 Thraciam,
341 1857 456 1893 quam
480 1852 622 1883 vocant
651 1844 826 1890 Comen,
852 1843 967 1882 castra
992 1840 1262 1880 communivit.
1296 1839 1379 1878 Co-

95 1902 202 1951 gnito
231 1903 372 1942 deinde
395 1918 440 1943 ex
467 1907 629 1955 captivis
645 1936 655 1952 ,
685 1907 755 1957 regi
779 1906 909 1943 circiter
934 1915 1081 1941 trecenta
1108 1903 1280 1940 hominum
1302 1900 1380 1937 mil-

94 1960 176 2010 lia,
203 1978 274 2001 non
308 1977 392 2002 ante
424 1967 562 2018 paratis
589 1967 724 2018 copiis,
750 1966 815 2018 fed
851 1980 896 2003 ex
925 1965 1131 2017 quotidiana
1159 1963 1380 2016 fizbvec7i0ne

93 2024 287 2073 maritima,
309 2026 690 2078 &frumentationibus
711 2028 785 2065 ali:
818 2027 946 2065 futura
968 2026 1096 2065 animo
1124 2023 1378 2075 prospiciens,

95 2096 175 2121 non
199 2087 389 2125 continuit
416 2086 589 2126 laetitiam
604 2117 615 2132 ,
638 2086 700 2126 sed
724 2100 838 2137 opere
863 2087 1067 2125 castrorum
1091 2086 1261 2136 perfeeto
1277 2114 1287 2131 ,
1310 2085 1380 2123 ad-

95 2146 249 2184 vocavit
274 2149 526 2195 concionem,
553 2156 666 2198 atque
693 2148 794 2197 apud
824 2147 1074 2186 circumfusos
1101 2149 1153 2185 ita
1178 2145 1280 2185 orsus
1304 2145 1377 2185 est:

150 2207 216 2248 IV.
254 2210 416 2248 Omnium
437 2212 591 2262 gentium
616 2222 719 2262 atque
734 2210 943 2262 populorum
965 2210 1151 2262 institutis,
1176 2209 1234 2260 qui
1260 2208 1379 2259 utique

94 2272 280 2324 ,consenfics
306 2288 328 2310 a
348 2275 435 2310 rebla
460 2273 594 2310 ratione
619 2287 797 2325 nunquam
821 2274 986 2325 discedit,
1010 2273 1061 2310 ita
1087 2273 1243 2311 videmus
1271 2271 1381 2323 obfir-

96 2334 199 2383 νατί,
225 2346 263 2372 ut
286 2334 324 2372 in
345 2348 379 2372 re
401 2334 525 2372 bellica
555 2334 674 2373 multis
703 2335 876 2374 hominum
898 2335 1054 2374 millibus
1079 2349 1170 2374 unus
1183 2333 1380 2387 plerumque

145 2449 166 2490 ς
195 2449 335 2482 11.L·1v.
362 2450 452 2493 Epit.
474 2451 563 2486 qut.
583 2452 621 2484 in
648 2451 778 2485 Lucuu.
804 2463 833 2485 c.
856 2451 908 2485 18.
932 2452 1041 2486 strab.
1059 2453 1082 2484 1.
1113 2461 1166 2494 15.
1191 2451 1287 2497 51¹¹·
1316 2428 1381 2496 Ap.

96 2495 191 2543 piari.
220 2494 376 2528 Mithrid.
398 2495 487 2530 Piut.
