1638 2937
197 197 275 244 1N
316 196 480 244 [οε.
528 195 664 242 ma.
708 195 1096 249 LXXX1L1V.
1227 216 1312 266 175

32 304 116 357 spes
140 303 244 344 nulla
267 302 471 355 capiendi,
491 302 558 341 nis1
584 315 651 352 per
673 315 805 351 arma,
826 302 1030 354 supererat.
1054 307 1129 347 Sed
1153 307 1236 348 liaec
1259 318 1317 350 ta-

33 379 125 406 men
153 367 372 416 proditione
395 363 635 414 juvabantur.
662 364 753 403 ,duo
778 364 872 403 servi
898 365 1037 411 Attici,
1062 368 1248 418 quidquid
1272 372 1316 411 in

34 429 181 480 oppido
207 429 324 469 fiebat
341 459 352 476 ,
379 427 585 479 glandibus
603 426 796 478 plumbeis
821 426 1090 468 inscribebant.
1119 442 1179 470 eas
1210 433 1324 473 dein-

34 492 84 531 de
107 491 264 542 glandes
295 491 426 530 fundis
454 488 745 538 ejaculabantur
769 489 817 529 ad
844 490 1051 530 Romanos.
1082 491 1127 530 Id
1159 493 1225 532 ubi
1255 494 1321 534 sae..

32 555 119 605 pius
134 555 213 593 fieri
234 554 282 593 ad
295 553 442 594 Sullam
464 552 650 601 relatum3
678 552 743 592 ille
756 584 767 601 ,
783 566 823 592 re
845 552 1102 602 considerata,
1119 567 1208 594 curn
1224 556 1321 595 sem.

33 629 105 667 per
139 623 320 655 eventum
357 614 589 664 respondere
618 613 803 653 nuntiatis
838 614 1106 664 comperisset,
1137 616 1325 668 diligenter

32 679 155 731 colligi
176 679 328 732 glandes
354 677 513 729 emffls,
538 678 572 716 δ’
588 677 691 729 adse
712 676 852 728 refini,
868 676 983 726 juffit.
1007 678 1119 717 Unde
1144 691 1233 717 cum
1253 678 1323 718 ali-

35 739 192 790 quando
225 739 417 777 decretam
445 737 484 775 in
516 745 665 776 certum
699 744 854 787 tempus
889 738 1132 787 eruptionem
1161 738 1324 778 didicis-

35 801 114 849 set,
141 801 292 840 infidias
329 800 520 850 erupturis
553 799 708 848 struxit3
741 798 947 850 multisque
971 799 1203 848 interfectis,
1238 800 1323 841 aliis

35 863 78 901 in
102 875 206 901 mare
229 861 457 912 compuls13‚
475 873 661 910 magnum
683 860 837 900 obfeffis
856 861 1154 912 detrimentum,
1177 865 1212 903 &
1233 862 1324 914 plus

37 924 236 974 aliquanto
261 923 412 962 terroris
442 921 584 961 intulit.

91 992 183 1033 XII.
212 991 414 1032 Crescebat
439 992 584 1030 interea
610 990 795 1031 indefesso
827 990 961 1031 labore
985 991 1155 1033 militum
1181 1007 1322 1046 agger,

39 1068 131 1095 cum
160 1055 368 1095 Archelaus
397 1067 443 1094 ex
480 1053 626 1093 diverso
664 1063 783 1093 turres
812 1054 1018 1104 opposuit,
1059 1057 1163 1096 unde
1195 1059 1328 1108 cujus-

37 1116 224 1167 quemodi
262 1115 410 1155 miffilia
447 1115 522 1154 late
556 1115 834 1166 spargerentur.
871 1115 1004 1155 accitis
1043 1117 1210 1167 deinde,
1238 1134 1324 1171 quae

36 1178 224 1219 Chalcide
241 1179 276 1218 ἅ
297 1191 363 1228 per
382 1177 544 1228 reliquas
564 1177 703 1217 insulas
729 1177 915 1229 agebant,
933 1180 1078 1230 copiis,
1095 1193 1185 1220 cum
1205 1183 1325 1224 etiam

36 1241 202 1291 remiges
229 1240 429 1288 armasset,
462 1253 623 1280 numero
649 1241 805 1291 quidem
835 1241 1004 1282 militum
1029 1242 1145 1294 longe
1174 1244 1324 1296 supera-

39 1302 96 1341 vit
118 1300 290 1349 Sullam,
323 1314 412 1340 cum
442 1303 558 1340 etiam
583 1315 603 1340 a
628 1302 819 1353 principio
841 1305 1006 1353 majores
1030 1304 1227 1354 aliquanto
1253 1318 1328 1345 co-

35 1366 122 1415 pias
145 1362 344 1402 habuiffet.
363 1363 512 1402 idcirco
535 1363 698 1401 minime
720 1371 821 1402 ratus
837 1365 1098 1404 cunctandum
1113 1396 1123 1413 ‚
1146 1367 1326 1416 proxima.

37 1426 126 1478 post
147 1430 358 1476 acceptum·
380 1424 691 1475 supplementum
715 1428 853 1474 noc‘te,
879 1426 1046 1465 validam
1079 1429 1327 1478 eruptionem

40 1488 85 1528 in
109 1501 222 1537 opera
252 1488 518 1527 Romanorum
552 1486 656 1526 fecit.
692 1487 801 1527 Circa
823 1488 974 1527 tertiam
1001 1488 1197 1539 vigiliam,
1234 1503 1326 1531 cum

38 1548 190 1588 facibus
215 1547 417 1599 improvisa
448 1546 561 1586 turba
585 1547 778 1596 exsiliens,
812 1547 972 1587 alteram
1004 1549 1259 1600 testudinum,
1288 1554 1327 1592 Sc

39 1610 231 1660 quidquid
254 1610 294 1649 in
318 1623 360 1649 ea
389 1607 655 1648 machinarum
673 1609 815 1656 stabat,
839 1610 1021 1649 incendit.
1053 1624 1176 1662 neque
1196 1614 1325 1663 potuit

41 1671 213 1711 defendi.
251 1671 316 1712 sed
342 1673 440 1710 intra
465 1672 686 1721 proximum
717 1672 948 1712 decennium
974 1672 1081 1713 aliud
1110 1675 1326 1715 excitatum

41 1735 183 1775 eodem
210 1733 298 1773 loco
321 1747 418 1784 opus
444 1734 556 1775 stetit.

97 1804 206 1845 XIII.
236 1803 340 1844 Sulla
356 1835 366 1853 ,
381 1804 539 1855 ignaviae
569 1802 724 1843 suorum
742 1804 884 1852 iratus,
907 1804 1107 1845 cohortem
1131 1808 1167 1846 ἃ,
1192 1815 1327 1847 centu-

41 1867 192 1916 riones,
216 1880 380 1917 quorum
409 1868 609 1907 stationem
636 1866 752 1907 hostis
777 1875 1021 1917 perruperat,
1044 1867 1144 1905 illam
1169 1869 1327 1921 ignomi-

42 1931 110 1969 niae
131 1931 239 1984 causa
263 1942 362 1968 extra
381 1931 516 1969 vallum
535 1931 690 1977 tendere,
719 1932 783 1969 hos
804 1930 968 1983 galeatos
986 1929 1020 1968 ὃ*
1043 1930 1228 1983 discis-zelos
1247 1948 1328 1985 per,

36 1993 128 2046 flare
149 1992 186 2029 in
201 1992 406 2044 principiis,
427 1991 541 2042 jussit.
560 1992 709 2031 Deinde
725 1991 893 2042 ligneam
915 1992 1048 2030 turrim
1062 2021 1072 2040 ,
1096 2004 1211 2041 quam
1237 2005 1328 2032 con-

45 2060 103 2091 tra
128 2051 239 2091 suum
259 2053 675 2104 aggeremflrchelaus
698 2061 887 2102 erexerat,
914 2054 1040 2093 modis
1067 2054 1245 2094 omnibus
1267 2058 1328 2095 in·-

46 2115 213 2154 cendere
236 2115 389 2155 studens
406 2116 646 2169 (plurimum
662 2116 764 2155 enim
781 2116 1050 2166 impedimenti
1072 2116 1328 2157 obsessoribus

45 2176 261 2230 afferebat)
295 2177 482 2218 submotis
513 2178 640 2218 valida
670 2177 914 2228 impreffione
951 2178 1332 2228 propugnatoribus,

45 2238 149 2290 ligna
172 2240 438 2290 circumponi,
460 2240 563 2280 faces
586 2239 723 2289 subjici
738 2239 852 2289 juffit.
880 2240 1062 2280 Ceterum
1083 2249 1243 2279 conatus
1264 2241 1331 2280 iste

47 2303 173 2342 irritus
207 2301 311 2350 fuit,
344 2315 422 2341 non
457 2302 703 2352 concipiente
737 2303 867 2353 ignem
897 2301 1078 2349 materia,
1111 2302 1216 2354 quod
1242 2315 1329 2342 eam

47 2364 174 2404 multo
207 2364 377 2404 alumine
403 2362 610 2405 Archelaus
639 2363 849 2407 obleverat.
892 2364 997 2406 Dum
1022 2362 1107 2405 haec
1135 2373 1327 2417 aguntur,

94 2500 121 2545 ς
145 2500 222 2536 XII.
244 2501 359 2539 Front.
388 2504 491 2540 Strat.
517 2514 560 2548 4,
579 2514 613 2540 ι.
