1638 2937
191 191 270 238 IN
319 191 487 238 LOC.
533 192 666 237 LIB.
714 191 942 237 LXXXV
976 195 1110 240 LlV.
1251 208 1338 256 251

54 295 239 352 suffragiis
249 299 372 350 populi
384 328 394 345 ,
411 300 445 337 6³
458 297 583 351 dejure
602 298 781 344 civitatis,
802 297 958 336 collatas
982 299 1055 336 effe
1074 300 1346 346 conditiones,

63 358 146 408 ipso
182 372 308 399 rerum
334 361 527 399 indicante
553 359 674 407 statu,
705 359 941 398 credebatur.
981 360 1070 399 Hoc
1104 373 1222 398 unum
1255 373 1347 399 con«

62 419 153 468 stat,
172 424 293 471 pat-”tis
315 422 502 469 induciis,
524 422 574 472 Q.
589 421 799 461 Sertorium
826 421 874 460 ad
892 421 1119 461 Norbanum
1146 421 1346 463 consulem

59 482 212 521 miffum
240 483 313 522 effe
331 514 342 531 ,
364 484 469 534 quod
494 484 640 533 Scipio,
665 483 813 533 collega
836 483 1057 534 ignorante,
1080 484 1128 522 de
1150 485 1262 522 tantis
1290 497 1350 522 re-

62 544 134 591 bus
161 546 372 595 quidquam
395 545 532 596 pacisci
559 546 795 596 gravabatur.
827 547 903 587 Sed
932 546 1119 586 Sertorius
1149 547 1187 584 in
1209 559 1254 585 eo
1284 547 1346 584 iti..

59 619 150 646 nere
172 608 341 648 Suessam
357 639 368 657 ,
394 622 476 659 quae
498 608 610 649 Sullae
640 609 813 659 partibus
848 608 885 647 se
917 609 1199 660 applicaverat,
1224 621 1349 646 occu-

58 669 177 719 pavit.
213 670 264 709 Ea
293 672 340 709 de
371 683 410 709 re
440 684 529 709 cum
556 670 662 711 Sulla
696 680 938 721 quereretur,
970 670 1129 719 consul,
1158 670 1348 709 incertum

61 731 344 775 conscientiane
375 733 602 772 violatarum
631 734 893 783 induciarum,
930 747 978 772 an
1009 741 1051 771 ut
1076 732 1116 771 in
1150 745 1191 770 re
1222 729 1348 769 subita

62 793 208 834 confilii
230 795 365 846 inops,
397 796 545 835 obfides
571 796 753 844 reddidit.

115 865 169 904 X.
209 865 280 905 His
311 865 422 904 rebus
454 878 542 905 cum
575 866 735 917 abrupta
762 865 844 917 spes
873 866 977 916 pacis
1004 863 1116 909 effer,
1151 863 1345 903 exercitus

46 925 228 978 'consulis
256 925 507 965 vehementer
529 925 719 973 offensus,
743 927 852 976 quia,
876 926 902 965 fi
932 923 1164 964 convenifl'et
1179 953 1190 971 ,
1211 922 1348 961 tolera-

62 987 149 1027 bilis
183 989 295 1028 status
322 990 485 1028 civitatis
513 989 757 1039 sperabatur,
791 1001 898 1027 aures
935 985 1221 1037 corruptoribus
1253 997 1348 1035 prae-

60 1051 169 1100 buit,
186 1052 486 1102 cum‚permiss'o
510 1052 728 1103 colloquio,
744 1053 822 1091 dux
844 1050 1006 1090 callidus
1029 1049 1170 1089 milites
1185 1048 1235 1087 ad
1255 1060 1348 1086 ean-¹

62 1113 153 1153 dem
173 1113 350 1154 fraudem
372 1116 604 1166 compositos
629 1115 792 1155 subinde
825 1114 874 1153 ad
903 1113 1019 1153 castra
1045 1111 1233 1163 Scipionis
1260 1110 1347 1149 mit-

61 1183 171 1217 teret.
198 1177 229 1217 li
252 1180 543 1228 percontando,
567 1193 670 1232 quam
695 1179 791 1231 grati
821 1178 967 1216 ducibus
986 1178 1090 1230 suis,
1119 1175 1261 1228 quantis
1281 1174 1348 1225 fa·-

59 1239 260 1292 miliaribus
279 1242 392 1294 copiis
409 1253 640 1295 augerentur,
662 1241 860 1291 postquam
891 1239 1061 1279 volentia
1091 1243 1322 1287 aeceperunt
1331 1252 1345 1284 3

59 1301 168 1340 Sullae
189 1303 370 1356 benignum
380 1296 568 1357 ‘imperium
583 1334 594 1351 ,
610 1304 787 1355 infinitam
802 1302 1046 1342 liberalitatem
1056 1331 1067 1348 ,
1089 1315 1149 1337 nec
1164 1301 1347 1351 imperaro-

57 1378 126 1402 rem
136 1364 225 1415 sthi,
233 1366 300 1417 sed
309 1378 442 1418 patrem
462 1367 588 1406 divina
605 1367 756 1418 quadam
771 1367 864 1419 fime
881 1363 1035 1416 obsigiffe
1048 1393 1058 1411 ,
1073 1360 1345 1413 praedicabant.

58 1425 192 1466 Rebus
218 1428 398 1477 utrinque
425 1428 658 1476 constitutis,
686 1436 731 1468 ut
760 1428 918 1478 propius
942 1424 1201 1476 suggredienti
1229 1420 1344 1462 Sullae

60 1487 102 1530 se
131 1491 434 1540 conjungerent:
467 1490 570 1530 Sulla
600 1503 667 1541 per
689 1489 856 1540 speciem
884 1488 1034 1527 hostilia
1067 1486 1183 1525 castra
1217 1496 1349 1534 oppu-

61 1551 205 1602 gnandi
225 1551 405 1591 cohortes
426 1553 560 1603 viginti
583 1552 783 1592 admovit:
813 1551 877 1590 sed
892 1582 904 1599 ‚
925 1549 1144 1601 praeparatis
1166 1548 1347 1586 omnium

60 1611 225 1660 animis,
252 1614 370 1652 castra
398 1614 474 1653 fine
500 1613 654 1654 vulnere
681 1614 894 1652 introitum.
921 1619 1005 1650 tum
1032 1623 1121 1650 vero
1147 1606 1345 1649 universus

58 1673 248 1724 Scipionis
279 1677 494 1725 exercitus,
538 1675 1000 1726 quadraginta,cohortes
1033 1673 1136 1722 signa
1171 1672 1220 1710 ad
1255 1683 1346 1709 eum

59 1736 341 1777 transtulerunt.
379 1737 491 1778 Solus
514 1750 602 1777 cum
626 1737 706 1777 filio
729 1737 848 1776 Lucio
875 1735 1009 1775 Consul
1036 1735 1076 1773 in
1097 1730 1343 1773 tabernaculo

61 1797 321 1847 deprehensus
349 1800 427 1839 est:
457 1812 534 1838 non
566 1801 699 1850 utique
724 1812 865 1849 magno
898 1797 989 1837 boni
1022 1795 1261 1846 imperatoris
1289 1807 1346 1834 ar-

59 1867 244 1909 gumento
259 1890 269 1908 ,
298 1873 414 1910 quem
435 1861 588 1912 vulgata
613 1863 701 1900 totis
724 1861 850 1900 castris
873 1860 1040 1899 militum
1067 1858 1264 1897 inclinatio
1290 1857 1347 1895 fe-

57 1921 235 1972 sentiret,
261 1936 350 1963 cum
377 1924 583 1975 praesertim
607 1925 698 1964 effet
719 1939 740 1965 a
772 1926 821 1975 Q.
851 1923 1016 1964 Sertorio
1042 1921 1305 1972 praemonitus.

112 1992 184 2032 XI.
206 1993 310 2033 Sulla
328 1995 528 2046 Scipiones
554 1997 693 2036 dimisit
709 1995 938 2044 inviolatOS,
962 1995 1102 2034 additis
1124 1991 1342 2043 equitibus,

62 2057 127 2104 qui
143 2069 252 2107 eum,
270 2071 501 2110 quocunque
514 2059 650 2107 vellet,
663 2069 746 2098 tuto
769 2060 1017 2099 deducerent.
1038 2060 1160 2107 Atque
1175 2056 1237 2094 ille
1250 2087 1260 2104 ,
1276 2054 1344 2094 ubi

60 2118 228 2168 primum
252 2120 388 2159 urbem
413 2123 578 2160 amicam
605 2122 752 2171 attigit,
784 2121 957 2159 resumtis
987 2119 1220 2169 magistratus
1254 2117 1348 2155 insi-

63 2179 224 2230 gnibus,
265 2182 402 2221 iterum
441 2184 572 2235 copias
608 2183 714 2222 haud
753 2181 1053 2221 contemnendas
1092 2178 1342 2229 comparavit.

61 2242 172 2282 Idem
202 2243 306 2283 Sulla
332 2244 564 2284 beneficium
592 2244 723 2284 multis
749 2244 831 2284 alii-3
848 2246 918 2291 ,³61
939 2242 1170 2282 nominatim
1197 2242 1244 2292 Q.
1263 2240 1346 2280 Ser-

60 2307 160 2344 torio
191 2306 383 2356 praestitit,
416 2308 480 2358 qui
517 2307 722 2357 desperatis
757 2306 866 2345 rebus
903 2307 945 2344 in
977 2304 1230 2354 Hispaniam,
1262 2305 1343 2352 J'am

61 2366 158 2408 olim
186 2368 423 2418 provinciam
448 2381 533 2407 eam
552 2367 727 2415 sortitus,
743 2367 780 2406 sc
803 2366 987 2414 contulit,
1014 2365 1226 2404 maximum
1252 2378 1344 2417 pau-

109 2486 131 2533 g
156 2486 197 2520 X.
223 2487 294 2521 Cic.
317 2486 439 2532 Philip.
468 2497 500 2531 13
519 2515 527 2529 ,
556 2498 585 2521 1.
609 2486 736 2520 Sallust.
766 2486 853 2520 Plut.
876 2486 1019 2531 Appiam.
1040 2485 1117 2517 ἴξιν.
1136 2484 1228 2527 Epit.
