1638 2937
248 166 339 229 348
409 166 506 213 JO.
549 167 1058 216 FREINSHEMII
1103 169 1463 220 SUPPLEM.

248 273 376 313 nullus
410 274 539 313 adhuc
567 273 763 314 Romanus
784 275 973 314 exereitus
1003 282 1291 325 penetraverat,
1313 280 1360 328 jn
1382 279 1528 321 Isauros

246 337 372 385 itum,
400 336 600 388 Lycaoniae
632 344 805 387 partem:
839 338 875 377 ἃ
909 338 1060 386 Isaura,
1094 340 1198 378 unde
1233 334 1340 390 genti'
1360 356 1530 392 nomen,

245 397 447 437 obfidione
481 399 719 437 circumdata
758 398 856 439 sunt.
899 400 969 440 His
1001 404 1252 451 expugnatis,
1281 403 1317 442 P.
1352 405 1529 445 Servilius

244 459 396 512 Isaurici
424 472 640 510 cognomen
664 461 832 510 accepit,
861 475 941 500 non
960 475 1007 500 ex
1027 462 1226 502 nobilitate
1243 464 1438 515 locorum,
1464 467 1528 507 sed
1553 510 1556 513 Δ

214 524 218 527 “
244 521 514 570 magnitudine
533 521 694 568 laboris,
722 523 920 562 viffitoriam
945 524 1140 564 aestimans.
1177 527 1277 566 Nam
1306 530 1437 567 omnia
1464 529 1533 567 cir-

244 593 333 620 cum
355 583 484 632 piratae
509 583 715 622 tenebant:
750 585 963 635 durumque
1000 588 1112 625 armis
1143 601 1283 638 genus,
1316 590 1401 628 fitus
1426 590 1531 640 aspe-

241 645 351 684 ritate
379 646 664 696 propemodum
689 654 768 684 erat
793 647 1114 697 inexpugnabile,
1135 649 1257 689 donec
1284 652 1491 701 imperator
1508 683 1520 700 ,

243 707 371 746 averso
397 707 580 756 flumine,
608 720 655 746 ex
688 720 763 758 quo
797 706 923 747 hostes
965 709 1225 762 aquabantur,
1256 716 1446 765 oppidum
1477 716 1528 755 ad

243 769 484 809 deditionem
508 770 565 809 siti
592 770 732 820 coegit.

313 832 360 872 ΙΙ.
400 834 475 873 Hic
509 833 543 872 ei
575 832 685 872 limes
724 833 901 872 itinerum
936 847 983 873 eo
1024 835 1127 875 bello
1161 840 1197 877 Sc
1234 839 1524 889 expeditionum

241 895 328 935 fuit.
352 896 387 935 P.
406 896 586 937 Servilius
608 896 732 937 Isaura
754 898 983 947 demolitus,
1001 899 1144 948 Ciliciae
1159 902 1380 954 Isauriaeque
1409 906 1524 944 vecti-

242 957 304 1008 gal
340 958 548 1008 imposuit,
587 959 839 1009 confectaque
870 961 1096 1010 provincia,
1129 963 1260 1003 multis
1294 966 1435 1015 ubique
1465 967 1526 1015 pi-

242 1029 427 1068 ratarum,
460 1033 549 1071 quas
585 1021 634 1060 ad
666 1034 768 1059 mare
793 1020 1028 1071 habuerunt,
1060 1024 1192 1064 excisis
1220 1027 1526 1077 munitionibus,

241 1095 383 1132 magna
407 1082 527 1133 gloria
553 1082 721 1123 deceffit.
760 1083 1017 1134 Praecipuum,
1046 1099 1273 1137 quacunque
1298 1089 1527 1138 incedebat,

240 1142 465 1182 hominibus
496 1145 680 1195 gaudium
706 1145 889 1190 fuerunt,
926 1145 1083 1195 spectati
1107 1148 1148 1187 in
1180 1149 1345 1189 vinculis
1376 1151 1525 1201 praedo-

240 1220 335 1245 num
363 1207 504 1254 duces,
543 1219 708 1256 quorum
734 1219 833 1245 unus
855 1205 918 1245 ille
952 1205 1104 1256 plures,
1131 1223 1245 1259 quarn
1270 1225 1407 1251 omnes
1439 1220 1527 1251 ante

242 1281 332 1306 cum
367 1268 540 1307 ‘Romani
576 1276 784 1318 ceperant:
825 1266 1097 1319 fruebaturque
1130 1270 1379 1321 vulgusstam
1416 1275 1527 1312 avide

241 1328 393 1368 miseria
416 1341 576 1377 eorum,
604 1341 698 1379 quos
723 1330 928 1377 timuerat,
948 1338 990 1368 ut
1013 1344 1091 1369 non
1117 1334 1238 1371 modo
1266 1347 1312 1373 ex
1333 1334 1391 1372 his
1419 1337 1529 1385 oppi-

243 1391 325 1437 dis,
352 1404 419 1441 per
443 1404 525 1441 quae
552 1390 818 1441 ducebantur,
855 1391 919 1430 sed
952 1393 1066 1431 etiam
1095 1406 1143 1433 ex
1167 1394 1359 1446 finitimis,
1386 1397 1527 1437 visendi

241 1452 352 1491 causa
373 1462 628 1492 concurreret.

295 1513 361 1553 ΠΙ.
394 1514 611 1554 Exercitum
637 1522 768 1554 tamen
795 1515 833 1553 in
858 1513 991 1556 Ciiicia
1020 1517 1170 1557 retineri
1196 1516 1366 1569 placuit,
1396 1521 1446 1560 ob
1467 1522 1527 1560 su-

241 1574 409 1624 spectam
443 1575 680 1615 Mithridatis
707 1576 948 1626 potentIam,
985 1579 1021 1616 Sc
1048 1578 1151 1618 haud
1187 1581 1294 1620 dubii
1321 1583 1397 1631 jam
1432 1582 1523 1621 belli

241 1647 454 1686 apparatus.
482 1651 569 1677 eum
593 1639 628 1678 P.
646 1637 824 1678 Servilius
848 1638 888 1677 L.
912 1639 1073 1678 Octavio
1094 1641 1313 1690 proconsuli
1340 1655 1426 1681 cum
1448 1651 1522 1681 tra-

241 1699 411 1747 didisset,
440 1701 605 1740 Romam
632 1702 681 1740 ad
712 1700 952 1751 triumphum
982 1702 1149 1742 deceffit.
1185 1703 1294 1754 Isque
1325 1705 1427 1744 haud
1454 1707 1524 1744 du-

239 1759 407 1799 bitanter
441 1761 638 1809 decretus,
671 1763 707 1801 ἃ
738 1775 879 1811 magno
913 1763 1165 1812 spectantium
1195 1764 1320 1804 studio
1349 1766 1526 1805 celebra-

238 1834 300 1863 tus
327 1825 401 1873 est,
431 1826 535 1874 quod
569 1838 658 1863 eum
690 1825 730 1864 P.
759 1825 936 1865 Servilius
961 1834 1160 1875 captorum
1183 1829 1415 1877 oppidorum
1439 1828 1525 1878 spo-

239 1886 321 1934 liis,
349 1890 383 1926 &
408 1888 526 1926 divite
553 1888 757 1937 piratarum
788 1889 915 1938 praeda
941 1888 1031 1927 satis
1059 1890 1262 1940 magnifice
1286 1891 1522 1931 instruxerat.

238 1950 343 1990 Inter
376 1949 456 1990 haec
486 1951 671 2002 Bithyniae
706 1964 771 1989 rex
798 1952 1033 1990 Nicomedes
1060 1954 1251 2002 moriens,
1294 1968 1524 2004 quamquam

240 2024 287 2050 ex
315 2011 417 2052 Nusa
442 2012 567 2051 sorore
591 2011 824 2051 Mithridatis
848 2011 995 2062 prolem
1028 2013 1263 2064 susceperat,
1293 2017 1366 2055 five
1395 2019 1524 2067 gratiae

239 2074 449 2113 referendae
479 2075 616 2123 causa,
643 2075 715 2113 five
743 2082 784 2113 ut
816 2076 1026 2127 graviorem
1059 2077 1219 2116 inimico
1244 2079 1320 2129 regi
1349 2080 1525 2119 adversa-

237 2138 340 2176 rium
359 2137 613 2188 relinqueret,
646 2137 833 2188 populum
858 2139 1077 2178 Romanum
1108 2138 1198 2177 fecit
1229 2138 1424 2179 heredem.

291 2199 353 2239 IV.
386 2200 533 2240 Idcirco
556 2201 705 2250 praetori
732 2200 821 2240 Afiae
850 2201 907 2240 M.
933 2200 1047 2248 Junio
1069 2200 1203 2240 Silano
1227 2202 1358 2254 (quod
1385 2204 1416 2241 is
1436 2215 1521 2251 pro-

235 2262 377 2302 vincias
415 2263 674 2301 obtinentium
718 2261 923 2313 Bitbyniae-
939 2263 1138 2313 proximus
1176 2264 1283 2312 erat)
1319 2264 1521 2313 negotium

284 2368 305 2412 5
328 2370 355 2401 Ι.
377 2370 451 2402 Liv.
473 2370 562 2414 Epit.
575 2371 675 2403 Oros.
699 2382 735 2413 5,
759 2382 812 2413 23.
841 2371 1105 2413 Eutrop.Strab.
1128 2372 1151 2404 l.
1168 2371 1318 2409 12&14.
1337 2370 1521 2403 Val.Max.

237 2414 257 2445 8
273 2440 280 2454 ,
300 2425 327 2447 ς.
352 2415 439 2446 Flor.
460 2427 470 2449 η
488 2416 544 2455 ,6.
570 2417 685 2448 Front.
709 2427 794 2458 3‚”›-
828 2415 1019 2447 Marcellin.
1045 2427 1105 2456 14,
1127 2427 1158 2455 5.
1193 2416 1265 2449 Cic.
1285 2416 1384 2447 Ver-r.
1410 2425 1446 2455 ς,
1465 2424 1521 2447 εὴ.

238 2460 259 2488 Ε
287 2458 344 2489 ΙΙΙ.
368 2459 496 2491 Saliust.
528 2461 615 2492 Plut.
645 2462 679 2491 in
709 2461 842 2492 Lucull.
871 2472 902 2491 c.
929 2472 978 2491 ιι.
1001 2461 1148 2503 Eutrop.
1174 2461 1246 2494 Cic.
1270 2461 1368 2496 γει-ι’.
1395 2472 1405 2492 1
1427 2486 1435 2501 ‚
1466 2469 1518 2492 ιθ.

237 2501 316 2537 Vax.
338 2502 431 2537 Max,
458 2505 588 2538 Arriam.
611 2505 747 2549 Bithyn.
776 2505 924 2548 Appian.
948 2505 1042 2539 civil.
1061 2506 1084 2538 1.
1110 2517 1140 2538 ι.
