1638 2937
258 94 320 152 64
409 80 1446 139 JO.FRE1NSHEM1'15U.PPLEM.

258 212 349 247 nes,
387 193 681 249 perterritosque
720 194 757 232 ἃ
785 191 984 238 turbatos,
1019 198 1202 239 tanquam
1244 187 1402 226 imbelle
1428 197 1545 237 pecu*

261 263 355 301 dum
381 256 521 310 agmen
546 255 795 295 trucidandos
820 253 915 292 hosti
945 252 1118 302 praebuit.
1146 263 1268 301 neque
1289 251 1545 301 pugnantium

259 322 570 375 fugientiumque
595 318 722 356 minus
739 316 893 366 triginta
911 313 1030 352 millia
1051 312 1200 364 periiffe
1221 312 1446 351 referuntur.
1475 312 1546 351 Ce-

263 383 334 422 teri
358 394 446 421 cum
480 381 578 419 duce
611 376 816 424 Cluentio,
851 374 949 413 nihil
976 382 1104 414 tutum
1139 374 1388 421 arbitrantes,
1420 371 1549 423 prius-

260 457 375 495 quam
400 442 449 482 ad
474 440 614 481 Nolam
640 437 751 476 cursu
778 435 1061 486 pervenissent,
1085 435 1201 473 castra
1225 443 1313 473 ante
1338 432 1459 483 ipsam
1485 443 1548 472 ur-

260 508 350 547 bem
369 502 589 555 posuerunt.
613 497 741 546 Sulla,
759 510 839 535 non
865 495 1030 545 amplius
1057 503 1252 543 moratus,
1281 508 1396 545 quam
1422 496 1548 534 donec

259 568 428 610 hostium
450 564 565 602 castra
588 558 836 610 expugnasset
850 588 861 606 ,
882 558 955 597 five
981 558 1121 597 deditis
1136 558 1349 607 Pompejis,
1372 558 1446 597 five
1464 557 1547 607 post

262 638 409 669 tantam
446 624 600 663 suorum
634 619 786 658 cladem
824 628 973 657 mature
1003 620 1172 656 venturis
1211 619 1249 655 in
1284 619 1549 667 deditionem,

260 693 432 744 protinus
455 689 640 725 vietorem
665 684 880 722 exercitum
907 682 954 720 ad
976 680 1256 731 persequendas
1272 681 1474 721 rebellium
1492 694 1550 721 re-

262 752 398 802 liquias
424 750 466 786 in
486 757 620 796 agrum
640 742 836 784 Nolanum
856 743 974 782 ducit.

316 820 401 861 XV.
425 818 479 857 Eo
507 815 586 854 loci
602 827 691 853 curn
712 813 829 852 castra
859 808 1170 850 communiviffet
1185 841 1196 857 ‚
1221 808 1384 857 accidit,
1414 819 1458 848 ut
1482 822 1548 848 an-

216 871 218 874 *
262 894 301 925 te
326 880 546 934 praetorium
581 875 680 916 forte
712 875 955 921 immolanti,
989 873 1116 912 subito
1149 885 1197 911 ex
1229 872 1360 911 infima
1387 884 1450 911 ara
1480 885 1551 911 an-

266 948 350 999 guis
373 949 600 992 erumperet.
642 938 913 980 Feliciffimum
939 938 979 976 id
1002 936 1223 987 prodigium
1254 934 1327 974 effe
1355 935 1399 974 C.
1426 934 1553 974 Postu-

267 1008 366 1048 mius
394 1002 586 1052 haruspex
615 1000 910 1051 interpretatus,
932 998 1132 1037 hominem
1162 997 1327 1036 fortunae
1352 996 1449 1035 nihil
1473 1009 1554 1035 non

268 1070 421 1110 credere
452 1065 606 1105 solitum
635 1062 751 1102 facile
778 1060 958 1112 impulit⁷
989 1069 1033 1099 ut
1061 1058 1165 1098 nulla
1190 1059 1410 1110 interposita
1447 1071 1556 1097 mora

269 1131 479 1173 exercitum
518 1125 694 1166 adversus
725 1123 871 1163 hostem
912 1122 1106 1161 educeret.
1150 1122 1274 1171 Atque
1312 1121 1363 1159 fic
1399 1121 1554 1169 evenit,

269 1190 601 1247 quemadmodum
633 1189 673 1226 in
706 1185 993 1226 commentariis
1031 1183 1105 1222 suis
1140 1182 1208 1222 fibi
1242 1183 1340 1232 saepe
1375 1182 1555 1222 accidiss'e

269 1257 350 1309 ipse
374 1253 572 1306 prodidit,
599 1262 642 1289 ut
667 1259 811 1289 temere
837 1247 1011 1286 festinata
1036 1247 1235 1296 expeditio
1260 1246 1474 1296 prosperius
1495 1258 1556 1284 ca-

272 1320 400 1363 deret,
429 1327 544 1364 quam
567 1312 593 1351 si
618 1320 765 1350 matura
787 1308 1063 1349 deliberatione
1087 1315 1279 1356 cautoque
1302 1305 1459 1344 confilio
1482 1305 1558 1344 sus-

271 1390 382 1430 cepta
407 1375 542 1415 fuiss'et.
1321 1420 1324 1427 s

327 1447 433 1487 XVI.
455 1447 556 1485 Nam
576 1444 615 1482 in
639 1450 786 1482 tantam
809 1439 1159 1480 consternationem
1185 1439 1355 1489 conjecit
1380 1438 1555 1487 Italicos,

277 1519 323 1550 ut
347 1509 429 1560 post
452 1519 619 1557 pugnam
648 1517 784 1555 parum
817 1502 1031 1542 constanter
1062 1501 1220 1555 ini-tam,
1252 1501 1483 1551 refugientes
1511 1502 1559 1541 ad

277 1572 411 1613 urbem
439 1571 584 1607 circum
617 1567 716 1617 ipsos
742 1578 872 1605 muros
894 1565 1079 1603 caederet:
1117 1565 1207 1614 quia
1235 1563 1402 1611 Nolani,
1440 1576 1487 1601 ne
1510 1563 1559 1602 fi-

275 1633 359 1673 mul
380 1634 605 1680 irrumperet
627 1629 741 1668 hostis
757 1659 767 1676 ‚
793 1641 871 1666 non
894 1626 1058 1676 amplius
1074 1638 1148 1664 una
1176 1634 1286 1676 porta
1307 1626 1356 1664 ad
1376 1625 1560 1678 recipien-

278 1695 348 1734 dos
375 1693 459 1731 suos
489 1691 632 1740 aperIre
663 1688 870 1728 audebant.
904 1688 1006 1727 lnter
1030 1687 1174 1726 occisos
1200 1687 1278 1737 ipse
1303 1700 1457 1738 quoque
1482 1688 1560 1726 dux

283 1753 479 1793 Cluentius
522 1751 730 1802 pugnando
766 1749 930 1788 cecidit:
963 1751 998 1788 &
1027 1761 1114 1787 cum
1150 1761 1195 1786 eo
1228 1750 1364 1799 viginti
1395 1749 1562 1790 militum

280 1816 400 1856 millia
437 1814 642 1853 desiderata
673 1813 770 1852 sunt.
817 1814 894 1853 Hic
928 1825 1080 1862 quoque
1102 1812 1369 1851 florentissima
1405 1812 1563 1852 Samni--

280 1881 378 1917 tium
409 1877 522 1915 castra
547 1876 584 1913 in
615 1876 842 1926 potestatem
871 1875 1024 1914 vietoris
1048 1884 1244 1914 venerunt.
1274 1875 1344 1922 Et,
1367 1874 1471 1925 quod
1494 1874 1566 1912 mi-

281 1939 410 1978 raculo
442 1939 664 1988 proximum
692 1937 766 1985 est,
795 1936 835 1974 in
860 1944 938 1974 tam
961 1936 1166 1985 magnifica
1190 1937 1344 1975 victoria
1360 1966 1370 1983 ‚
1401 1951 1440 1974 ne
1457 1950 1564 1973 unum

278 2003 410 2053 quidem
431 2002 471 2037 de
490 2000 569 2051 suis
596 2000 767 2037 militibus
789 1998 932 2050 amififfi
956 1998 1117 2044 Sullam,
1148 1999 1343 2036 inemoriae
1369 1997 1557 2047 proditur:

282 2073 324 2100 ut
349 2064 426 2109 jam
461 2075 538 2098 non
574 2062 647 2099 sine
675 2059 813 2108 causa,
853 2071 942 2096 cum
972 2060 1149 2097 omnium
1182 2058 1459 2108 cognominum
1494 2057 1564 2095 ha-

284 2123 389 2161 beret
418 2124 639 2172 potestate-m
659 2152 672 2171 ‚
701 2122 834 2160 Felicis
869 2119 1171 2171 appellationem
1202 2122 1338 2159 ceteris
1363 2118 1566 2170 praetulisse

288 2184 408 2221 dicus.

338 2315 358 2356 ς
386 2316 477 2347 XIV.
505 2316 579 2348 [ἰν.
601 2317 690 2359 Epir.
710 2317 812 2350 Oros.
831 2319 901 2350 Cic.
920 2319 959 2350 de
974 2317 1082 2350 divin.
1107 2328 1136 2349 1.
1158 2316 1235 2349 Val.
1259 2315 1352 2347 Max.
1374 2325 1403 2355 1,
1423 2313 1454 2347 6.
1476 2314 1567 2353 llus,

299 2367 333 2399 in
360 2370 442 2402 suli.
469 2381 498 2401 c.
526 2380 574 2409 17.
601 2370 621 2414 §
645 2372 732 2406 >NL
757 2372 900 2415 Appian.
921 2371 1022 2405 Oros.
1040 2372 1114 2404 Liv.
1133 2371 1224 2414 Epir.
1246 2371 1390 2413 Eutrop.
1408 2370 1431 2402 l.
1453 2379 1482 2410 5⁵
