1638 2937
317 181 337 213 ι
355 167 408 212 16
445 164 527 212 JO.
543 161 767 208 FREINS.
794 161 918 209 SUP.
943 161 1009 207 IN
1027 160 1169 208 LOC.
1187 160 1238 208 L.
1254 160 1470 209 LXXVII
1489 165 1604 213 LIV.'

314 272 431 311 maris
456 269 630 310 faucibus
656 269 704 308 ad
721 269 950 320 Byzantium
981 267 1251 316 excubabant,
1272 270 1412 318 partim
1437 268 1602 320 diffuge-

311 344 429 382 runt3
462 333 526 372 alii
552 334 696 380 majore
719 331 864 381 flagitio
889 343 1002 369 naves
1034 343 1187 380 quoque
1220 331 1446 370 Nicomedis
1480 332 1602 371 tradi-

314 395 453 435 derunt
482 393 715 438 Mithridati.
763 390 943 443 Bithynia
980 392 1086 431 omni
1117 403 1261 442 paucos
1297 392 1395 430 intra
1423 392 1503 431 dies
1536 406 1602 431 re-

310 466 427 507 cepta
443 486 454 504 ‚
481 468 546 494 rex
568 453 817 499 Mithridates
844 454 1017 492 civitates
1043 453 1200 501 obiens,
1232 455 1416 504 pecunias
1439 465 1602 505 appara-

308 526 471 569 tumque
504 516 597 557 belli
621 516 762 566 ubique
794 516 841 554 ab
874 514 1043 555 hostibus
1069 515 1200 556 relidta
1234 516 1466 566 colligebat:
1495 527 1598 556 cete-

307 595 417 628 rum,
437 593 514 630 quo
534 578 758 617 clementius
780 578 984 628 imperium
1006 579 1239 628 speraretur,
1265 579 1394 618 debita
1415 579 1602 629 publica,'

307 635 421 684 finiul
449 655 493 681 ac
524 643 669 692 privata
687 671 697 687 ‚
724 639 1025 679 remittebantur.
1055 641 1126 680 His
1153 641 1205 679 ἰώ
1235 653 1284 680 ex
1319 642 1495 692 praesenti
1527 643 1598 682 usu

307 705 518 751 ordinatis,
545 711 704 742 vocatos
730 702 770 740 in
798 703 1027 741 concionem
1054 702 1193 741 milites
1220 712 1395 743 accurata
1420 705 1593 744 oratione

306 766 359 804 ad
387 766 565 804 virtutem
598 763 847 818 cohortatus,
875 764 1027 801 intentos
1052 763 1089 801 in
1105 765 1245 816 figmcm
1271 764 1497 817 profeelionis
1529 767 1596 819 effi}

306 825 437 877 juffit3
463 824 738 875 omnibusque,
756 825 810 863 uti
838 824 1034 873 voluerat,
1051 825 1211 876 paratis,
1238 825 1440 877 Phrygiam
1453 827 1594 867 Roma-

305 887 349 926 ni
367 886 499 937 populi
522 887 758 937 provinciam
780 898 870 925 cum
893 887 1040 937 ingenti
1063 888 1235 926 exercitu
1250 888 1409 939 irrupit:
1439 889 1594 928 ominiss

306 960 382 997 que
408 947 542 994 causa,
580 948 646 987 ubi
672 949 869 997 quondam
901 948 1071 1000 Magnus
1104 947 1324 989 Alexander
1358 950 1489 988 stativa
1515 949 1594 993 ha2

307 1007 430 1050 buiffe
454 1006 656 1049 dicebatur
673 1035 686 1058 ,
705 1007 821 1047 castra
844 1005 985 1056 posuit.
