1638 2937
304 183 383 232 IN
422 182 593 231 LOC.
633 181 769 235 LIB.
813 180 964 227 XCVI
1001 181 1139 227 LIV.
1288 197 1378 244 395

103 292 234 345 quiore
263 291 336 331 effe
366 298 577 341 coeperunt.
617 288 737 339 Igitur
767 299 856 326 cum
884 287 1065 337 postridie
1092 287 1218 326 denuo
1249 287 1380 327 frustra

99 354 234 392 turrim
265 351 510 399 verberaffet‚
533 349 729 389 machinas
760 348 940 395 cremari,
961 348 1255 403 architeciorum
1289 362 1382 399 prae-

102 417 182 457 cidi
219 418 344 467 capita
377 417 513 466 jussit3
552 411 803 464 praesidiisque
838 413 946 461 juxta
978 423 1107 449 muros
1141 411 1381 457 constitutis,

101 492 191 519 cum
218 481 364 528 majore
395 487 500 529 parte
529 476 750 526 copiarum,
778 475 816 512 in
848 487 986 523 campo
1020 473 1154 523 [ycaeo
1183 472 1382 519 consedit,

100 539 190 579 loco
221 538 361 585 fertili4
386 539 434 576 ad
463 537 645 576 alendum
671 535 834 574 militem
860 534 1031 584 copioso.
1062 533 1163 572 unde
1190 545 1279 571 cum
1306 534 1386 573 He..

100 601 352 640 ratleoticum
378 612 510 649 agrum
533 587 689 637 omnem
707 596 916 643 evastass'et,
935 594 1091 639 obseffi,
1117 595 1274 644 penuria
1296 595 1385 633 fati.r

104 663 206 714 grati,
228 663 356 702 denuo
379 661 429 699 ad
453 659 673 700 Cherronesi
699 657 842 696 incolas
857 688 866 704 ,
885 659 919 696 6<
942 655 1251 701 Theodofflnos,
1269 657 1304 694 ὃ(
1319 655 1384 704 qui

99 724 313 775 Bosporum
339 722 565 762 accolebant
586 719 758 771 regulos,
775 719 997 758 societatem
1016 720 1052 756 Sc
1073 730 1266 756 annonum
1288 717 1386 766 peti-

100 793 184 834 tum
217 784 429 824 miserunt:
457 785 493 823 ὃς
522 782 664 833 legatio
693 781 850 831 quidem
877 780 962 819 satis
991 779 1068 817 fuit
1093 778 1198 818 felix.

155 847 344 888 XXXIV.
392 846 569 885 Ceterum
602 844 821 894 oppidanos
850 843 884 881 δε
917 841 1039 880 hostes
1071 841 1188 888 foris,
1221 842 1257 879 Sc
1287 839 1387 887 intra

100 908 242 948 viscera
265 905 456 945 crudelius
487 905 703 955 praesidiarii
732 902 871 942 milites
898 901 1099 952 angebant.
1129 901 1193 950 qui
1218 900 1386 947 eodem,

102 982 179 1019 quo
207 967 342 1018 vulgus
366 967 526 1017 agebat,
548 966 648 1006 vietu
673 965 832 1003 minime
852 963 1046 1010 contenti,
1074 962 1253 1002 lautiores
1275 961 1385 1000 cibos

101 1030 150 1071 ab
180 1031 309 1081 egenis
341 1031 375 1069 ἃ
409 1027 596 1067 famelicis
629 1026 850 1065 hominibus
875 1026 909 1064 vi
940 1037 984 1064 ac
1009 1024 1228 1065 verberibus
1259 1033 1389 1063 extor-

105 1092 285 1143 quebant.
312 1103 438 1141 neque
462 1089 705 1129 Connacorix
729 1088 929 1138 praefectus
953 1087 1018 1126 ista
1037 1086 1267 1126 cohibebat:
1291 1086 1387 1136 quin

104 1153 170 1196 ille
200 1153 424 1193 deterrimus
456 1154 632 1191 omnium
655 1152 846 1204 gaudebat
871 1150 945 1190 hac
971 1149 1154 1189 violentia
1170 1181 1183 1199 ‚
1204 1148 1388 1188 licentiae·

102 1227 177 1266 quc
206 1214 359 1253 suorum
388 1213 663 1263 impunitatem
688 1213 901 1252 addiderat.

155 1276 327 1316 XXXV.
358 1275 453 1315 Haec
479 1275 599 1313 ferme
624 1273 682 1318 his
703 1273 922 1313 consulibus
950 1272 1049 1312 bella
1074 1272 1174 1323 gesta
1195 1270 1290 1310 sunt.
1312 1272 1388 1311 Res

104 1337 268 1377 urbanas
294 1350 375 1376 non
398 1344 479 1376 tam
508 1337 673 1387 parvitas
699 1349 831 1376 earum
847 1367 857 1385 7
884 1349 997 1387 quam
1021 1336 1247 1386 scriptorum
1270 1347 1393 1384 penu-

105 1401 180 1448 ria,
207 1399 305 1439 tradi
323 1408 438 1440 vetat.
474 1399 654 1438 Ceterum
680 1399 811 1449 inopia
837 1399 972 1439 Romae
991 1399 1232 1446 laboratum,
1260 1398 1393 1447 piratis

107 1462 254 1510 maria,
283 1463 393 1512 pejus
423 1461 529 1500 omni
560 1460 783 1511 tempestate
801 1490 812 1508 ,
838 1460 1162 1510 praecludentibus
1182 1471 1196 1498 ε
1225 1460 1261 1498 &
1289 1457 1391 1506 judi-

107 1522 167 1561 cia
192 1521 369 1573 legesque
393 1535 501 1564 novae
523 1521 715 1561 civitatem
737 1521 947 1572 inquietam
974 1520 1200 1562 habuerunt.
1228 1517 1389 1557 Clodius

105 1583 263 1634 quidam
297 1584 472 1625 tribunus
506 1584 653 1635 plebis,
683 1583 896 1624 sacerdotes
926 1583 1167 1635 virginesque
1196 1581 1387 1628 Vestales,

106 1656 291 1699 tanquam
316 1661 451 1699 parum
479 1649 576 1689 caste
599 1648 703 1689 sacra
724 1648 916 1696 facerent,
937 1648 986 1688 ad
1002 1646 1192 1698 populum
1213 1645 1393 1689 crimina-2

109 1708 246 1757 batur,
268 1712 303 1749 &
324 1710 371 1748 ad
399 1709 527 1750 turbas
552 1709 657 1749 haud
681 1709 837 1761 exiguas
862 1722 920 1748 res
946 1708 1150 1759 spectabat.

161 1772 353 1812 XXXVI.
379 1771 541 1812 Catilina
568 1785 720 1822 quoque
744 1784 828 1810 reus
856 1771 1008 1817 incesti,
1033 1771 1137 1821 quod
1161 1781 1248 1811 cum
1272 1767 1391 1808 Fabia

109 1832 378 1882 commisisset,
408 1833 664 1873 accusabatur,
695 1832 759 1873 sed
787 1833 966 1873 Clodium
994 1832 1051 1873 M.
1076 1832 1194 1880 Cato,
1219 1843 1306 1870 cum
1332 1831 1389 1869 in-

109 1896 266 1947 genium
289 1896 370 1943 ejus
392 1895 704 1945 propofitumque
729 1893 860 1933 multis
887 1893 1012 1933 verbis
1036 1894 1172 1932 acriter
1202 1891 1391 1942 coarguis-

108 1958 192 2007 set,
218 1958 385 1997 definere
412 1959 578 1998 actiones
609 1959 691 1998 suas
718 1958 856 2009 coegit.
898 1956 1059 1997 Catilina
1082 1957 1211 1996 favore
1239 1954 1394 2002 Catuli,

111 2022 148 2061 ἅ
171 2020 256 2069 quia
280 2019 459 2060 Terentia
480 2020 700 2066 Ciceronis,
718 2018 821 2059 soror
844 2028 923 2058 erat
944 2018 1093 2066 Fabiae,
1113 2016 1306 2057 absolutus
1326 2015 1393 2057 est.

109 2090 149 2125 at
174 2080 305 2120 consul
330 2081 400 2126 Cn.
425 2081 633 2129 Lentulus,
657 2080 911 2131 perincertum
941 2078 1129 2126 stolidior,
1155 2091 1203 2117 an
1233 2076 1391 2124 vanior,

109 2141 238 2192 legem
268 2142 316 2180 de
341 2143 529 2192 pecunia,
559 2155 672 2192 quarn
702 2141 807 2181 Sulla
834 2140 1043 2184 emtor-ibus
1069 2138 1283 2187 remiserat,
1309 2137 1390 2177 exi·

54 2252 59 2254 ἢ
111 2204 237 2255 genda
273 2204 540 2255 promulgavit.
574 2203 745 2243 Verbum
771 2215 923 2255 quoque
949 2204 988 2240 in
1006 2201 1138 2240 senatu
1164 2202 1232 2240 Cn.
1249 2201 1390 2240 Lentu-

109 2265 168 2305 lus
183 2296 195 2314 ,
213 2267 251 2306 L,
270 2266 414 2307 Gellius
440 2266 615 2307 consules
637 2266 834 2314 fecerunt,
850 2265 1000 2316 placere
1018 2265 1126 2304 statui
1140 2295 1151 2310 ,
1171 2264 1195 2303 si
1213 2262 1385 2304 Patribus

111 2328 337 2379 conscriptis
374 2329 592 2377 videretur,
622 2342 671 2368 ne
707 2328 880 2367 absentes
907 2327 1085 2369 homines
1115 2326 1156 2365 in
1183 2325 1387 2377 provinciis

111 2391 166 2437 rei
192 2391 339 2434 fierent.
367 2391 413 2431 Id
442 2391 595 2432 Sthenii
623 2391 866 2432 Thermitani
897 2390 1008 2431 causa
1035 2390 1204 2441 factum,
1233 2390 1282 2433 de
1310 2401 1388 2445 qua

153 2512 176 2560 5
201 2494 342 2549 xxxv.
364 2513 452 2550 rior.
479 2523 497 2560 3
514 2540 523 2555 ,
541 2513 573 2548 6.
594 2512 682 2547 mut.
705 2513 740 2547 ῑη
763 2513 887 2546 cnon.
912 2523 940 2546 e.
956 2512 1013 2548 ιιι
