1638 2937
235 174 531 222 IN'LOC.
576 176 712 223 LIB.
766 177 893 222 XCII
943 179 1094 226 LIV.
1265 196 1348 242 341

72 282 423 333 pejanorumfssunt
451 283 672 340 interfe&a;
708 283 755 322 de
788 284 1010 324 Sertorianis
1047 285 1096 323 ad
1130 285 1251 326 millia
1287 287 1356 326 tria

4 339 7 342 ⁴
75 347 310 386 ceciderunt.
343 346 503 386 Interim
521 344 701 385 Metellus
727 345 775 384 de
790 346 984 397 Perpernae
1007 348 1175 386 exercitu
1201 349 1248 387 ad
1272 348 1358 388 mil-

71 409 123 450 lia
146 412 316 460 quinque
341 411 523 450 concidit.

125 473 196 512 XI.
232 473 353 522 Igitur
377 471 489 511 illatis
523 471 564 509 in
595 483 680 510 eam
715 477 863 520 partem
902 471 1040 521 signis,
1083 472 1270 512 Sertorius
1303 473 1354 511 ad

70 531 195 581 ipsum
222 532 336 581 usque
360 534 630 582 imperatorem
648 562 659 580 ‚
682 532 794 582 pulsis
831 532 1091 580 obstantibus,
1122 535 1352 583 penetravit.

70 593 143 634 Ille
170 606 400 643 quamquam
424 593 527 632 senio
553 602 790 644 gravaretur,
825 594 972 633 fortiter
999 594 1154 641 restitit,
1193 594 1358 633 animos-

72 668 147 705 que
176 654 352 703 suornrn,
375 668 493 705 prope
519 654 725 704 deploratis
755 654 893 701 rebus,
915 666 1032 700 voce,
1061 667 1202 702 manu,
1222 667 1358 692 exem-

70 717 138 768 plo
159 718 325 767 denique
353 717 602 755 confirmavit.
625 717 700 756 Sed
720 717 888 755 immane
904 724 1088 766 quantum
1114 717 1232 754 animi
1249 729 1358 754 exar-

71 779 175 827 sere,
215 780 414 830 postquam
453 779 693 818 vulneratum
732 779 810 818 iau
844 777 1000 828 tragulae
1032 778 1222 817 viderunt.
1269 785 1354 816 tum

71 842 175 881 enim
203 843 374 892 pudore,
394 855 443 880 ne
469 840 667 880 deseruiss'e
691 842 960 890 imperatorem
987 840 1227 888 dicerentur,
1252 840 1286 878 ἅ
1310 852 1354 878 ea

70 913 180 943 aetate
198 904 342 951 virum,
359 904 437 952 peri
467 902 614 941 :riorum
635 914 711 951 prae
731 901 781 939 ira
799 901 931 949 obliti,
959 900 1181 950 repulerunt
1202 899 1351 947 hostes,

70 969 108 1006 «Sc
126 965 329 1005 Metellum
341 996 353 1013 ‚
369 965 482 1002 scutis
498 964 656 1012 objectis
673 971 938 1012 protegentes,
954 961 1169 1001 extulerunt
1188 973 1235 999 ex
1256 960 1353 998 acie,

123 1027 214 1068 XII.
242 1027 428 1067 Sertorius
453 1024 624 1064 amifl'am
656 1037 676 1063 e
699 1025 876 1073 manibus
900 1037 1022 1074 prope
1061 1032 1204 1062 certam
1235 1023 1354 1061 vieto-

69 1090 163 1131 riam
187 1088 343 1136 dolens,
366 1087 520 1138 vespera
542 1087 737 1137 sequentis
767 1087 868 1135 diei,
903 1100 991 1125 cum
1026 1099 1162 1136 magna
1185 1086 1234 1124 ad
1264 1098 1354 1124 eum

71 1151 210 1191 auxilia
236 1151 493 1201 Hispanorum
518 1148 729 1196 veniss'ent,
756 1148 872 1187 castra
897 1147 1045 1188 Metelli
1074 1147 1197 1186 subito
1230 1159 1355 1195 oppu-

71 1227 186 1264 gnare
220 1214 374 1253 adortus
410 1212 488 1251 est:
519 1211 584 1249 sed
614 1210 903 1261 superveniente
930 1211 1146 1260 Pompejo,
1181 1208 1352 1254 Cluniae,

69 1287 255 1318 montano
291 1279 326 1316 ἃ
366 1275 513 1315 munito
547 1274 717 1324 oppido,
749 1274 853 1324 quod
887 1274 1019 1323 paucis
1054 1273 1148 1312 inde
1184 1270 1353 1309 millibus

48 1342 223 1390 aberat,
256 1340 294 1379 se
326 1339 496 1386 inclufit,
536 1345 578 1376 ut
606 1338 645 1375 in
679 1337 717 1375 se
748 1336 915 1375 avocatis
947 1336 1135 1375 Romanis
1163 1333 1351 1380 ducibus,

68 1415 197 1445 tutum
227 1403 300 1443 suis
337 1402 485 1441 abitum
525 1400 723 1450 praestaret.
754 1399 919 1439 Romani
950 1412 1038 1437 cum
1074 1410 1198 1448 neque
1231 1395 1354 1447 perse--

70 1467 134 1517 qui
161 1465 357 1516 palantes,
392 1475 464 1501 nec
487 1474 707 1512 expugnare
734 1461 939 1499 refistentes
964 1459 1137 1510 poffent,
1177 1458 1354 1509 gravibus

68 1530 118 1569 ab
148 1543 193 1568 eo
227 1528 374 1567 damnis
401 1539 467 1576 per
491 1526 690 1563 continuas
722 1524 939 1573 eruptiones
968 1523 1117 1571 affecti,
1149 1523 1229 1570 jam
1257 1530 1354 1559 tem·

69 1606 164 1644 pore
201 1592 292 1630 anni
321 1590 505 1629 invitante
529 1619 540 1637 ‚
574 1587 711 1627 relictis
746 1588 795 1626 ad
834 1587 1072 1627 obsidionem
1107 1583 1354 1625 Cluniensem

69 1655 221 1694 idoneis
247 1653 367 1703 copiis
392 1653 431 1690 in
448 1651 606 1690 hiberna
629 1650 886 1690 discesserunt.
907 1698 909 1702 Ι

121 1715 233 1756 XIII.
256 1714 350 1753 Haec
376 1714 430 1752 ita
453 1713 558 1763 apud
580 1712 674 1751 alios
701 1714 872 1752 auetores
892 1711 1050 1762 reperio.
1073 1709 1198 1752 Livius
1213 1711 1357 1757 ‚ame-

69 1778 151 1817 tello
176 1777 362 1814 Sertorium
383 1777 417 1814 δ’
443 1777 652 1826 Perpernam
678 1789 752 1813 cum
776 1776 911 1813 duobus
940 1774 1148 1812 exercitibus
1167 1772 1215 1824 fit
1231 1786 1271 1810 os
1288 1771 1352 1824 fir-

65 1838 252 1893 gratosque,
266 1836 479 1887 scripserat3
496 1835 709 1888 Pompejmn,
717 1848 850 1888 partem
869 1836 1018 1873 viHoriae
1032 1835 1123 1886 ferre
1138 1835 1326 1886 cupientem
1340 1864 1352 1880 ,

59 1915 185 1953 parum
214 1898 368 1952 prospere
398 1897 618 1951 pugnawffi’.
659 1897 768 1936 Certe
797 1895 979 1937 Metellus
1014 1895 1282 1944 imperatorem
1313 1892 1354 1932 se

69 1962 120 2002 ob
146 1960 272 2000 fusum
306 1961 386 1999 acie
410 1961 615 2001 Sertorium
642 1960 848 2010 appellari,
877 1959 1051 2009 adeoque
1073 1956 1251 1996 omnibus
1280 1955 1353 2012 hu-

66 2026 190 2064 manis
205 2022 415 2062 honoribus
432 2022 505 2061 coli
520 2022 642 2073 paffus
663 2023 729 2068 est,
753 2032 793 2061 ut
808 2035 857 2060 ne
872 2022 1029 2071 quidem
1045 2034 1066 2060 a
1089 2021 1227 2058 divinis
1249 2028 1347 2058 tem--

6 2084 9 2087 ’
69 2094 230 2138 peraret.
256 2086 300 2126 In
330 2085 551 2125 ulteriorem
578 2085 802 2135 Hispaniam
831 2083 1037 2134 regressus,
1067 2096 1205 2134 magna
1233 2082 1351 2132 gioria

68 2150 383 2189 concurrentium
419 2148 588 2198 undique
621 2148 789 2186 virorum
829 2146 1163 2199 feminarumque,
1202 2146 1279 2184 vias
1306 2157 1352 2184 ae

69 2213 169 2251 tecta
195 2210 341 2250 visendi
371 2209 482 2248 causa
511 2208 744 2259 replentium
760 2239 771 2255 ,
795 2205 1048 2258 spectabatur.

121 2273 226 2313 XIV.
259 2272 336 2311 Sed
364 2272 557 2321 praeeipuae
583 2271 749 2310 infamiae
773 2282 883 2309 coena
911 2271 1011 2316 fuit,
1038 2282 1109 2320 qua
1135 2282 1223 2308 eum
1251 2281 1352 2319 qure-

67 2335 142 2374 stor
172 2335 213 2375 C.
241 2334 422 2375 Urbinius
440 2364 451 2382 ‚
489 2336 524 2374 δε
549 2334 750 2384 postquam
786 2332 861 2371 hoc
892 2332 956 2371 ille
983 2340 1133 2383 gratum
1159 2331 1350 2379 habebat,

119 2451 141 2495 §
165 2451 207 2483 X.
232 2451 380 2494 Appian-
402 2450 497 2482 civil.
520 2451 542 2481 1.
563 2461 591 2482 1.
613 2450 821 2483 P1·ut.O;·0s.
840 2461 878 2492 5,
897 2461 950 2494 23,
976 2450 996 2494 §
1023 2450 1082 2482 XI.
1104 2449 1235 2492 Sallust.
1259 2450 1350 2483 Plut.

73 2495 217 2540 Appian.
240 2495 355 2541 §XIL
379 2496 454 2531 Liv.
481 2495 571 2540 Epit.
597 2495 685 2530 Plut.
710 2495 847 2530 Ptolem.
874 2496 895 2541 §
920 2486 1011 2529 X‘ffl.
1037 2495 1125 2527 Prut.
1146 2493 1277 2528 Sa‘uust.

1021 2550 1116 2612 Y3
