1638 2937
266 171 358 236 398
393 170 477 219 JO.
500 169 719 215 FREINS.
743 167 898 215 SUPP.
922 165 986 213 IN
1004 166 1147 213 LOC.
1164 163 1213 213 L.
1233 163 1401 214 XCVI.
1420 166 1538 214 LIV.

265 291 353 317 tum
391 277 642 317 consideravit
668 277 896 327 ingenium,
925 275 1095 313 maximo
1125 275 1231 323 operi
1260 266 1467 314 admolitus
1503 273 1555 313 est

265 353 453 388 manum,
486 339 656 389 foffaque
683 339 800 388 pedes
828 336 1048 386 quindecim
1081 334 1179 383 aita,
1215 334 1415 374 latitudine
1448 337 1553 387 pari,

265 403 403 441 amari
429 402 478 441 ad
503 414 607 440 mare
635 412 702 451 per
736 401 924 438 cervicem
953 400 1089 446 ducta,
1117 411 1266 437 murum
1309 398 1459 449 insuper
1486 410 1554 437 ex-

262 463 406 503 celsum
424 462 755 510 firmissimumque
779 460 971 499 adstruxit.
998 458 1201 509 Ingentem
1218 457 1390 498 laborem
1415 458 1556 511 (quip-

261 536 313 574 pe
347 523 446 561 circa
488 522 676 560 Bruttium
711 518 893 569 angulum
921 517 1092 556 millibus
1123 518 1291 568 quinque
1328 519 1363 557 ὃς
1396 517 1554 567 triginta

262 585 374 627 Italia
396 584 532 636 patet)
565 583 670 621 brevi
704 589 833 619 tamen
870 588 1044 629 tempore
1081 578 1256 618 severitas
1298 581 1333 618 <Sc
1370 579 1553 618 industria

263 649 373 688 ducis
399 646 570 698 perfecit.
590 644 660 683 Eos
687 651 847 682 conatus
866 656 886 681 a
909 640 1101 692 principio
1124 641 1325 690 Spartacus
1353 641 1553 684 deriserat:

262 711 332 750 sed
354 709 442 757 ubi,
466 706 665 745 consumta
699 704 960 754 proximorum
986 700 1163 739 locorum
1190 702 1338 751 praeda,
1363 715 1411 740 ne
1437 701 1558 742 aliun.

261 775 314 812 de
335 781 464 822 petere
490 776 750 808 commeatum
790 765 934 817 poffet,
959 763 1204 803 interclusum
1230 764 1267 802 se
1290 764 1556 815 obsessumque

259 833 486 883 conspexit3
524 829 581 868 bis
618 838 782 866 conatus
821 838 1041 876 erumpere,
1078 833 1120 862 ut
1155 824 1351 864 Samnium
1386 833 1556 875 peteret,

262 907 401 944 magna
433 904 523 931 cum
552 890 663 929 clade
695 889 746 927 est
778 886 963 938 repulsus.
1006 885 1082 925 Sub
1115 885 1279 935 primam
1317 884 1445 924 lucem
1484 885 1550 925 sex

262 957 386 996 amiiit
412 954 553 1000 millia,
579 952 743 994 totidem
770 950 848 989 fere
875 950 998 989 noctis
1022 948 1158 996 initio;
1190 960 1279 987 cum
1312 948 1407 987 adeo
1432 947 1555 987 facilis

260 1017 354 1057 effet
380 1013 562 1055 Romanis
595 1010 682 1049 loco
706 1009 849 1058 adjutis
881 1021 1030 1059 pugna,
1057 1019 1101 1045 ut
1137 1006 1282 1056 septem
1312 1014 1461 1044 tantum
1490 1018 1555 1057 ge-

259 1079 370 1119 mino
401 1089 447 1114 eo
475 1072 613 1125 proelio
644 1070 856 1118 vulnerati,
881 1078 955 1108 tres
981 1068 1177 1107 interemti
1209 1068 1421 1106 tradantur.

315 1139 453 1181 XLIV.
486 1138 589 1177 Nam
607 1136 748 1174 virtute
769 1147 854 1184 par,
881 1142 948 1173 aut
973 1133 1073 1171 forte
1094 1131 1261 1182 superior
1287 1131 1461 1181 Spartaci
1484 1130 1555 1169 mi-

260 1202 317 1243 les
344 1201 492 1247 fuerat,
511 1198 608 1237 adeo
636 1196 799 1244 nullius,
826 1208 939 1246 quam
964 1206 1124 1245 pugnae,
1151 1205 1320 1240 memor,
1340 1200 1383 1231 ut
1410 1205 1430 1230 e
1449 1192 1553 1231 duo-

262 1262 390 1303 decim
423 1259 594 1299 millibus
627 1257 805 1297 trecentis
840 1256 1044 1303 caesorum,
1074 1263 1216 1305 negent
1247 1254 1332 1304 plus
1367 1267 1480 1304 quam
1507 1256 1550 1293 in

261 1324 415 1366 duobus
440 1322 567 1363 aversa
591 1322 747 1371 reperiri
770 1318 927 1358 vulnera
953 1317 1129 1368 potuisse.
1157 1316 1307 1356 Idcirco
1336 1329 1415 1355 non
1437 1316 1547 1356 ausus

263 1386 359 1426 ultra
383 1386 460 1426 vim
485 1383 701 1423 universam
721 1381 907 1432 experiri,
930 1380 1081 1420 diverfis
1106 1378 1277 1429 partibus
1303 1377 1550 1428 eruptionem

262 1450 502 1496 minitando,
527 1446 659 1486 subitis
683 1448 718 1485 δ’(
744 1443 935 1484 continuis
963 1441 1250 1481 velitationibus
1276 1440 1440 1480 vexabat
1474 1438 1554 1479 Ro-

262 1526 417 1561 manos,
445 1510 682 1560 fascibusque
717 1510 756 1547 in
792 1508 926 1547 foffam
955 1506 1126 1556 injectis,
1149 1505 1382 1543 immittebat
1406 1504 1551 1554 ignem,

262 1591 340 1630 quo
364 1574 558 1616 difficilior
587 1570 850 1612 munientibus
871 1569 979 1609 labor
1007 1568 1125 1607 fieret.
1153 1567 1302 1607 Deinde
1329 1574 1370 1605 ut
1392 1565 1549 1604 suorum

260 1641 413 1681 animos
435 1645 539 1676 metu
568 1634 746 1685 supplicii
770 1634 818 1672 ad
844 1633 1099 1683 pervicaciam
1130 1629 1298 1668 firmaret
1314 1658 1325 1676 ,
1349 1641 1371 1666 e
1393 1627 1550 1678 captivis

262 1702 448 1745 Romanis
478 1712 596 1739 unum
629 1697 758 1736 medio
779 1697 877 1735 inter
906 1695 984 1734 duo
1016 1692 1130 1732 castra
1164 1692 1285 1742 spatio
1320 1689 1441 1730 affixit
1471 1702 1554 1728 cru-

262 1766 320 1814 ci,
341 1762 507 1817 ejusmodi
527 1761 738 1814 supplicium
757 1760 921 1796 neminem
940 1756 1131 1796 vitaturum
1153 1754 1214 1806 eff}
1231 1753 1447 1807 praedicans
1460 1781 1471 1799 ‚
1488 1753 1556 1802 nisi

262 1829 325 1881 qui
347 1841 363 1864 e
379 1824 539 1878 praessmi
560 1821 714 1875 periculo
741 1821 868 1858 virtute
889 1820 930 1870 se
954 1816 1195 1870 explicaffent.
1232 1815 1408 1855 Tandem
1427 1814 1554 1852 omni..

265 1893 337 1931 bus
363 1889 544 1934 tentam,
564 1888 719 1925 noctem
746 1883 919 1924 nivosam
953 1883 1151 1933 ventisque
1177 1883 1379 1932 streperam
1407 1883 1554 1930 metus,

261 1960 410 2005 partem
444 1948 545 1989 foffce
581 1948 679 1986 caesis
715 1947 956 1997 captivorum
994 1957 1261 1995 >pecorumque
1303 1943 1549 1993 corporibus,

263 2015 502 2063 materiaque
528 2013 694 2061 injusta,
721 2012 756 2050 ἃ
789 2019 886 2063 terra
906 2008 1167 2058 superaggesta
1201 2003 1433 2054 complevit:
1466 2017 1551 2054 par.

264 2087 420 2127 temque
445 2075 524 2114 fere
549 2074 700 2123 tertiam
728 2072 918 2111 exercitus
940 2069 1089 2118 statim,
1108 2068 1248 2107 deinde
1277 2065 1392 2115 hujus
1421 2064 1552 2116 praefi-3

264 2141 332 2181 dio
358 2138 522 2188 reliquas
546 2136 675 2187 copias
705 2133 930 2174 transduxit.

317 2259 338 2303 ξ
365 2258 486 2291 XLIII.
510 2258 598 2290 Flor.
621 2254 752 2289 Sallust.
776 2253 922 2299 Appiam.
958 2252 981 2298 §
1004 2250 1127 2290 XLIV.
1149 2249 1240 2290 Piut.
1265 2250 1302 2284 in
1323 2248 1440 2294 Pomp.
1457 2259 1488 2283 c.
1510 2255 1546 2291 33

269 2304 358 2342 Idem.
381 2305 415 2337 in
440 2302 542 2337 Cass.
566 2301 712 2346 Appiam.
