1638 2937
243 193 326 240 IN
374 192 551 239 LOC.
586 192 722 237 LIB.
764 192 940 238 XCVII
991 193 1144 241 LIV.
1275 200 1371 252 401'

83 306 191 352 gatos
213 310 301 338 cum
326 299 556 339 cohortibus
571 298 822 348 quingenariis
844 297 1075 348 duodecim,
1098 299 1182 350 post
1198 308 1373 339 montem
1406 342 1410 344 Y

83 361 363 401 circummittit.
400 361 438 401 L.
461 360 684 408 Quinctium
710 371 798 397 cum
824 369 932 408 parte
957 361 1149 409 equitatus
1174 360 1372 399 ludificare
1410 403 1412 405 ,

81 423 306 473 Spartacum
335 422 470 472 jubet:
499 434 591 462 cum,
616 421 690 459 alia
718 429 823 470 parte
848 421 977 460 Gallos
1005 423 1291 472 Germanosque
1321 421 1373 462 ad

81 497 252 535 pugnam
279 483 440 530 elicere,
461 496 554 521 mox
588 484 762 521 cedendo
788 482 838 521 ad
865 483 1011 522 radices
1037 485 1178 521 montis
1208 485 1370 533 ducere,

20 561 23 562 ⁷
83 546 149 585 ubi
177 545 256 596 ipse
276 558 363 584 cum
395 544 615 595 legionibus
638 545 823 583 instructis
846 554 925 582 erat
954 545 1207 595 opperiturus.

137 607 201 647 IV.
247 607 408 646 Rectum
439 606 546 644 ducis
578 605 778 644 confilium
815 606 995 645 industria
1025 605 1238 656 legatorum
1259 608 1294 646 ἃ
1320 615 1376 645 te·-

82 669 236 709 meritas
276 668 443 707 hostium
479 667 658 718 propositi
698 679 857 717 compos
893 668 996 705 fecit.
1039 667 1288 718 Refugientes
1326 678 1375 707 ex.

84 730 296 780 compofito
327 732 472 779 equites
496 726 749 780 incomposito
776 731 927 780 agmine
955 729 1178 779 sequentem
1203 730 1375 780 hostem,

85 804 175 830 cum
200 791 249 830 ad
275 791 419 830 dierum
441 790 569 830 locum
597 791 886 840 pertraxiss'ent,
909 791 950 829 in
972 790 1090 830 latera
1113 792 1380 840 discesserunt,

86 854 314 914 sublatoque
343 853 511 892 clamore
528 854 704 893 Romana
730 855 831 892 acies
851 854 1002 904 excepit
1026 853 1217 896 barbaros.
1251 867 1378 906 neque

84 915 265 968 potuisset
287 917 543 966 opportunius
570 928 626 954 res
650 916 808 964 cadere,
845 929 987 967 magno
1011 916 1049 954 in
1077 917 1248 967 periculo
1272 917 1380 957 futu-

84 979 161 1025 ris,
179 978 243 1027 qui
270 989 358 1015 cum
384 976 594 1026 Pomptino
616 976 810 1028 Ruffoque
835 987 963 1025 erant,
993 977 1015 1016 si
1046 979 1209 1018 nuntiari
1237 980 1379 1019 adven-

84 1050 148 1080 tus
171 1053 302 1078 eorum
339 1040 515 1078 nondum
549 1039 746 1089 occupatis
786 1039 954 1079 hostibus
989 1040 1177 1090 potuiffet.
1207 1055 1375 1093 namque

85 1104 129 1143 in
163 1116 209 1142 eo
246 1115 334 1140 cum
373 1101 520 1140 summa
554 1101 633 1152 spei
669 1101 867 1140 confistere
890 1102 1106 1151 videretur,
1140 1112 1182 1142 ut
1210 1116 1342 1144 euntes
1359 1117 1379 1153 ,’

85 1179 184 1223 quo
194 1165 468 1212 mittebantur,
503 1165 643 1204 deinde
675 1173 968 1214 prorumpentes
995 1165 1171 1205 fallerent
1200 1166 1372 1217 hostem,

85 1241 205 1278 eaque
231 1227 278 1266 de
304 1227 416 1266 causa
449 1226 575 1276 galeas
600 1225 806 1265 frondibus
835 1226 1115 1276 contexiffent3
1149 1228 1247 1267 forte
1279 1241 1376 1270 con·

81 1290 200 1341 speeti
227 1301 248 1328 a
276 1289 425 1328 duabus
454 1287 610 1328 Gallicis
650 1287 878 1327 mulierculis
920 1298 1048 1337 erant
1082 1303 1192 1341 quae,
1223 1291 1373 1332 lumine

79 1351 199 1390 etiam
224 1358 304 1388 tum
330 1349 502 1395 incerto,
528 1359 763 1388 conventum
790 1349 973 1398 vitantes,
1004 1351 1051 1390 ad
1085 1353 1276 1393 menstrua
1301 1366 1372 1404 pro

83 1413 274 1452 exercitus
306 1411 424 1450 salute
444 1421 533 1450 vota
559 1410 740 1451 solvenda
770 1420 946 1450 montem
979 1412 1240 1454 ascenderunt.

77 1491 79 1493 ·
139 1476 183 1514 V.
216 1475 291 1515 Sed
315 1487 443 1525 pugna
468 1475 546 1522 jam
568 1481 720 1523 coepta,
740 1473 778 1511 in
803 1481 977 1523 tempore
1004 1474 1269 1526 decurrentes,
1288 1485 1376 1516 tan-

82 1547 168 1579 tum
205 1538 456 1589 fugitivorum
493 1537 678 1575 exercitui
716 1536 1138 1587 terrorisintulerunt,
1174 1548 1215 1578 ut
1251 1541 1376 1580 caedes

82 1601 175 1642 inde
194 1600 343 1651 potius,
361 1612 475 1649 quam
497 1605 625 1649 pugna
638 1629 650 1645 ‚
675 1599 776 1638 esset.
804 1599 975 1649 Triginta
993 1602 1159 1652 quinque
1176 1603 1294 1644 millia
1314 1619 1372 1647 ar-

83 1674 296 1710 matorum,
318 1673 405 1700 cum
434 1661 520 1712 ipfis
538 1661 700 1701 ducibus
724 1675 772 1701 eo
796 1662 935 1712 proelio
956 1664 1180 1714 interfecta,
1207 1678 1372 1720 receptae

86 1725 257 1776 quinque
285 1723 419 1774 aquilae
449 1724 654 1773 Romanae‚
679 1724 782 1775 signa
804 1722 868 1763 sex
895 1727 930 1764 ἃ
953 1727 1112 1777 viginti,
1136 1729 1256 1769 multa
1278 1744 1374 1781 prae-

82 1794 186 1826 terea
205 1785 325 1836 spolia
339 1816 349 1832 ‚
366 1786 568 1836 inter'quae
591 1787 757 1836 quinque
774 1786 894 1826 fasces
923 1800 1012 1827 cum
1033 1787 1237 1830 securibus.
1272 1793 1374 1834 Cum

83 1859 154 1897 per
180 1845 218 1885 se
244 1858 381 1897 magna
409 1846 567 1886 vidioria
598 1845 709 1896 esset,
742 1847 844 1892 viam
875 1848 1057 1898 patefecit
1085 1850 1134 1889 ad
1159 1854 1374 1901 majorem:

83 1920 210 1958 neque
240 1908 304 1947 diu
334 1907 417 1958 post
445 1919 534 1947 cum
558 1909 740 1959 Spartaco
769 1909 1019 1949 debellatum.
1059 1911 1208 1952 Crassus
1245 1917 1373 1964 enim,

84 1969 275 2021 poenitens
302 1969 471 2019 consilii,
495 1972 600 2021 quod
624 1970 719 2011 alios
745 1972 923 2011 advocari
948 1973 1066 2012 duces
1092 1975 1267 2025 juffiffet‚
1291 1977 1376 2026 post

85 2039 208 2071 tantas
244 2030 405 2071 hostium
439 2034 568 2083 copias
597 2033 767 2082 deletas,
797 2033 935 2083 plenus
959 2034 1166 2075 alacritatis
1196 2050 1241 2075 ac
1272 2037 1377 2088 spei,

76 2091 236 2131 »summa
258 2094 294 2131 vi
315 2093 476 2133 instabat
501 2094 676 2145 reliquis,
701 2103 766 2143 ut,
783 2095 1000 2145 priusquam
1027 2097 1232 2148 pompejus
1256 2099 1383 2140 venif-

85 2155 166 2203 set‚
199 2164 322 2194 cetera
350 2156 440 2195 belli
466 2157 758 2197 conficerentur.

140 2217 208 2256 VI.
235 2217 309 2256 Res
334 2219 436 2256 enim
463 2219 658 2269 Hispaniae
676 2221 831 2259 interim
851 2220 890 2258 in
916 2233 1004 2259 eum
1029 2221 1164 2260 statum
1181 2232 1377 2274 venerant,

85 2287 155 2327 ut,
171 2279 349 2319 omnibus
373 2279 493 2319 ferme
518 2281 757 2330 compositis,
772 2282 1003 2332 pauciffimae
1024 2282 1187 2322 hostium
1207 2285 1375 2336 reliquiae

85 2342 215 2382 effent.
237 2341 330 2382 Duae
345 2341 549 2392 praesertim
565 2342 690 2393 urbes,
707 2344 854 2385 Uxama
873 2346 906 2385 ἅ
925 2344 1116 2395 Calaguris
1138 2345 1376 2390 resistebant:

135 2463 372 2506 §111.Front-.
389 2474 429 2501 2,
447 2474 479 2503 4.
500 2463 601 2496 Oros.
626 2475 661 2506 5,
683 2475 738 2503 24·
751 2464 842 2498 Plut.
867 2465 968 2510 §1v.
992 2466 1081 2500 Plut.
1099 2466 1228 2500 Sallust.
1257 2467 1377 2513 Εῐοηῐ,

89 2517 181 2550 ⁶2·‚4
205 2508 295 2552 §V.
319 2508 393 2540 Liv.
420 2509 511 2552 Epit.
533 2508 635 2544 Oros.
652 2491 770 2546 'Fronn
799 2521 890 2554 2,5
907 2511 1001 2546 Plut.

147 2563 204 2626 T.
228 2564 323 2612 sz.
347 2567 443 2613 Vol.
469 2565 563 2613 IX.
1063 2562 1102 2609 c
1126 2579 1151 2613 e
