1638 2937
246 163 360 216 *202
428 167 528 216 JO.
570 166 1083 216 FREINSHEMII
1129 169 1492 220 SUPPLEM.

322 275 479 316 XXXI.
515 276 610 316 Haec
638 274 706 315 illo
736 273 951 325 clamante,
978 275 1121 315 tribuni
1148 277 1466 329 centurionesque
1486 285 1560 316 acu?

265 345 492 384 currerunt,
525 336 665 376 milites
694 349 848 387 quoque
878 337 992 377 multi
1023 336 1144 378 secuti
1179 339 1288 387 sunt,
1316 342 1352 379 ἅ
1378 354 1398 379 a
1423 341 1562 387 dextro

266 408 387 436 cornu
416 396 571 448 integrae
599 395 780 435 cohortes
810 397 896 436 duae
927 396 1131 437 affuerunt.
1175 399 1230 439 Ita
1262 398 1416 450 repulsis
1440 399 1562 438 hosti-

267 458 363 506 bus,
393 458 637 498 collaudatos
662 458 801 498 milites
828 460 1008 508 reduxit3
1036 460 1245 511 cibumque
1270 473 1424 511 capere,
1448 463 1484 500 ἃ
1505 473 1561 499 re-

267 521 377 560 festis
414 523 579 573 prandio
612 521 783 569 viribus,
819 523 866 561 ad
897 536 993 573 opus
1020 525 1154 563 reverti
1185 524 1299 574 juffit.
1335 524 1438 565 Tum
1469 537 1565 563 vero

264 585 406 623 iterum
426 585 567 624 investi
600 583 687 623 sunt
718 583 882 623 hostium
903 587 1078 635 equites,
1104 600 1182 625 non
1208 587 1490 637 incomposito,
1515 595 1561 626 ut

266 654 406 693 antea,
429 647 603 695 impetu,
620 645 683 683 sed
701 645 856 684 servatis
877 647 1092 687 ordinibus.
1119 648 1188 688 His
1205 649 1425 688 Romanum
1447 649 1559 698 equi,-

267 714 390 748 tatum
414 709 519 749 Sulla
546 701 750 760 opposuit,
783 708 861 759 ipse
883 709 1042 758 praesens
1069 709 1262 758 hortator,
1283 712 1318 750 ἃ
1342 719 1424 750 tota
1445 712 1559 760 acie,

267 771 337 809 ubi
364 770 532 809 maxime
558 783 656 821 opus
684 780 786 817 erat,
806 770 843 809 se
867 769 1056 811 offerens:
1087 772 1215 811 donec
1244 772 1393 826 egregia
1418 773 1562 812 iterum

268 831 428 870 vietoria
460 832 634 881 potitus,
662 832 710 870 ad
740 831 964 881 quindecim
1000 832 1163 871 hostium
1199 832 1346 880 millia,
1373 834 1563 881 majorem

269 902 420 945 partem
450 894 595 944 equites
611 924 623 940 .,
648 895 683 934 ἃ
709 893 749 932 in
772 893 830 933 his
860 893 1078 945 Diogenem
1106 893 1282 934 Archelai
1311 894 1566 947 privignum,

271 956 428 995 cecidit.
1090 968 1093 975 ‘

323 1025 499 1067 XXXII.
529 1026 680 1074 Pedites¹
710 1038 798 1065 cum
835 1026 901 1066 diu
937 1027 1152 1067 restitiffent
1171 1059 1181 1075 ‚
1211 1034 1315 1066 tanta
1348 1025 1565 1077 sagittario-J

271 1101 358 1127 rum
389 1089 625 1140 pervicacia,
657 1098 718 1137 ut,
746 1090 930 1139 quoniam
963 1089 1228 1140 prementibus
1261 1090 1445 1130 Romanis
1474 1088 1567 1138 spa-

270 1151 368 1190 tium
385 1152 519 1191 utendi
540 1151 705 1190 arcubus
728 1164 806 1190 non
828 1151 1043 1199 habebant,
1067 1152 1187 1192 densis
1210 1152 1353 1203 sagittis
1376 1161 1566 1201 tanquamv

271 1212 412 1262 gladiis
450 1213 627 1252 cominus
661 1213 820 1252 ferirent
857 1213 1031 1262 hostem;
1066 1216 1165 1254 intra
1198 1214 1342 1254 vallum
1375 1212 1570 1264 compulsa

270 1273 370 1314 sunt.
403 1275 452 1314 At
473 1274 515 1314 L.
537 1273 666 1322 Sulla,
696 1287 744 1313 ne
769 1275 908 1313 iterum
932 1274 1161 1314 Chalcidem
1191 1274 1405 1315 elaberetur
1427 1273 1566 1314 Arche-

271 1337 385 1386 laus,
426 1350 503 1388 quo
541 1336 720 1388 prosequi
752 1350 841 1376 eum
871 1337 1004 1387 inopia
1039 1338 1198 1377 navium
1235 1337 1442 1387 nequiret3
1478 1344 1570 1374 toto

271 1413 412 1451 campo
428 1400 605 1440 stationes
630 1403 833 1440 nocturnas
860 1400 1061 1451 disposuit.
1090 1402 1234 1441 deinde
1250 1433 1261 1449 ,
1287 1403 1374 1441 luce
1389 1402 1570 1449 reddita,

242 1507 249 1513 x
271 1464 338 1502 vix
361 1463 411 1502 ad
438 1473 597 1504 centum
624 1478 645 1504 a
672 1465 799 1504 castris
833 1464 997 1505 hostium
1028 1465 1180 1516 paffus,
1208 1465 1343 1505 foss'am
1369 1465 1491 1505 fodit:
1526 1466 1566 1503 Sc

273 1538 452 1579 magnam
482 1539 664 1576 manum,
698 1540 781 1577 quae
805 1528 852 1566 ad
874 1527 1159 1578 prohibendum
1189 1540 1286 1578 opus
1307 1533 1568 1578 procurrerat‚

273 1588 329 1627 ita
361 1589 526 1637 rejecit,
569 1598 611 1627 ut
650 1588 806 1640 reliquis
840 1588 946 1628 nulla
978 1589 1160 1640 deinceps
1191 1590 1241 1628 ad
1275 1586 1565 1639 erumpendum

273 1648 437 1689 audacia
458 1649 672 1700 supereffet.

327 1718 522 1759 XXXIII.
562 1719 798 1760 cohortatus
825 1721 942 1772 igitur
967 1720 1180 1760 exercitum
1209 1718 1339 1767 Sulla,
1376 1730 1416 1756 ut
1439 1718 1567 1756 adver-

267 1782 348 1834 sum
364 1784 515 1835 trepidos
529 1784 564 1822 G*
586 1783 739 1822 imbelles
761 1786 868 1822 armis
887 1784 1008 1836 potius
1019 1813 1030 1832 ,
1046 1797 1151 1835 quam
1167 1783 1339 1835 operibus,
1354 1790 1570 1833 pugnarent*

275 1844 312 1882 δ’
329 1845 524 1897 convulsis,
542 1845 579 1883 in
594 1860 682 1898 quas
697 1847 736 1899 se
758 1845 1007 1898 condidiſjent,
1023 1845 1191 1893 latebris,
1211 1844 1293 1882 belli
1307 1843 1474 1896 reliquias
1495 1858 1568 1881 uno

273 1907 403 1959 impetu
418 1907 670 1960 profligarent3
693 1908 868 1958 protinus
892 1907 941 1946 ad
961 1907 1269 1957 oppugnandum
1290 1904 1467 1946 Archelai
1484 1904 1565 1943 val-

276 1967 357 2006 lum
395 1968 517 2007 duxit.
555 1969 690 2018 Neque
725 1968 817 2019 regii
853 1968 1020 2018 praefedti
1055 1967 1247 2007 stimulare
1285 1967 1370 2006 suos
1401 1966 1566 2006 omitte.-

278 2029 393 2070 bant:
417 2030 535 2069 modo
552 2031 727 2068 dedecoris
750 2031 1044 2083 magnitudinem,
1057 2030 1095 2081 fi
1108 2029 1227 2080 plures
1243 2044 1266 2067 a
1281 2028 1508 2082 paucioribus
1521 2041 1569 2064 ne

277 2091 316 2129 in
342 2092 566 2130 munimentis
599 2093 735 2144 quidem
760 2092 801 2143 se
826 2091 1069 2144 defenderent,
1100 2090 1218 2128 modo
1242 2088 1400 2138 nullam,
1429 2089 1497 2139 nisi
1521 2089 1562 2125 1⁸72

276 2153 411 2201 armis,
432 2153 530 2205 spem
547 2153 682 2206 fizlutis
713 2152 968 2192 ostendentes.
1002 2151 1150 2201 Magno
1182 2151 1298 2201 igitur
1325 2149 1494 2188 clamore
1525 2149 1565 2186 Sc

278 2215 428 2265 impetu
454 2226 513 2254 res
537 2213 712 2265 utrinque
743 2214 957 2265 gerebatur.
1001 2216 1036 2254 δι
1053 2213 1143 2252 licet
1162 2213 1349 2261 Romani,
1374 2211 1571 2254 testudine

276 2277 404 2326 faeta,
432 2287 579 2328 partem
607 2277 696 2316 valli
725 2277 980 2328 subruerant3
1009 2276 1122 2320 densa
1148 2284 1277 2315 tamen
1314 2275 1569 2314 barbarorum

279 2340 379 2379 acies
413 2340 547 2380 stristis
583 2340 719 2391 gladiis
754 2340 970 2381 deterrebat
1006 2340 1240 2393 irrupturos:
1269 2340 1395 2380 donec
1424 2336 1571 2379 Basilus

325 2473 349 2518 §
373 2474 514 2507 XXXII.
537 2474 683 2518 Appian.
706 2473 799 2509 Plut.
