1638 2937
204 155 300 220 238ss
375 156 469 208 ΪΟ.
511 151 1009 203 FREINSHEMII
1051 153 1404 207 SUPPLE'M;

204 263 271 307 illa
299 263 407 313 dies,
430 262 481 303 ob
509 262 662 304 cladem
689 264 878 317 Caepionis
905 262 1163 312 Cimbricam,
1191 263 1289 303 inter
1311 269 1408 308 atras
1430 259 1499 301 lia-3

204 326 370 366 beretur.
416 326 492 367 Sed
529 325 711 369 Lucullus
747 327 788 366 id
813 327 1061 366 submonenti
1094 327 1263 377 cuipiam
1283 358 1297 374 ,
1338 340 1382 365 ex
1415 336 1495 366 atra

196 387 369 441 fafficrum
389 387 588 439 respondit
612 389 800 436 candidam
814 406 831 438 ,-
858 389 975 439 idque
997 400 1086 427 cum
1112 388 1259 439 ingenti
1285 386 1359 441 sua
1374 385 1497 437 gloria

204 450 390 502 praestitit.
429 451 638 501 Nunquam
671 458 779 491 tanto
814 452 1014 491 inferiores
1040 465 1201 492 numero
1231 452 1395 500 Romani
1425 463 1499 501 pu-

207 520 429 564 gnaverant.
469 525 542 551 nec
577 513 681 551 enini
713 513 933 553 vicesimam
960 513 1126 553 hostium
1165 523 1313 563 partem
1347 512 1499 554 Luculli

205 574 398 614 exercitus
432 574 672 623 adaequabat.
707 575 783 613 Sed
815 575 917 624 apud
946 575 1087 625 peritos
1116 574 1215 614 belli·
1239 575 1316 615 hoc
1356 572 1498 613 summi

211 637 619 686 ducis-argumentum
650 634 890 684 habebatur,
927 636 1032 685 quod
1063 635 1210 685 duabus
1245 634 1500 678 diversissimis

208 698 379 750 artibus,
418 697 687 736 celeberrimos
725 698 822 737 duos
862 698 982 737 aetatis
1015 699 1096 746 ejus
1133 695 1502 747 reges,1Mitbrida-,

207 767 289 801 tem
312 761 476 811 fregisset
504 773 630 811 mora,
654 760 864 810 Tigranem
890 760 1086 799 celeritate
1112 759 1331 798 obtriviffet.

278 823 318 863 L.
352 824 475 872 Atque
510 835 568 861 res
598 830 677 860 'tam
707 821 911 872 improvisa
940 822 1057 860 etiam
1085 820 1355 861 Mithridatem
1388 818 1500 859 fefel-

209 883 330 926 lerat:
361 884 448 934 qui,
475 882 678 923 Lucullum
705 883 832 933 priore
861 883 952 922 belli
981 883 1138 934 gerendi
1169 882 1314 922 ratione
1343 880 1499 921 usurum

210 954 341 992 ratus,
370 959 450 991 non
485 953 740 986 maturaverat
773 945 822 984 ad
854 945 1062 996 Tigranem
1092 945 1287 984 accedere.
1320 944 1499 984 tendenti

137 1008 140 1010 ’
205 1011 258 1050 ad
290 1009 401 1060 illurn
434 1018 683 1048 occurrerunt
717 1011 759 1048 in
795 1010 931 1049 itinere
975 1010 1087 1061 pauci
1121 1011 1321 1060 primum,
1357 1009 1501 1049 deinde

207 1071 338 1122 plures
365 1071 618 1121 profugorum
641 1084 689 1109 ex
713 1069 862 1121 proelio.
888 1071 991 1110 unde
1015 1071 1170 1120 cognito
1191 1070 1364 1121 Tigranis
1387 1070 1500 1119 casu,

209 1131 401 1182 requisivit
424 1144 511 1171 eum
538 1131 763 1182 diligenter3
789 1144 910 1182 neque
932 1132 1101 1185 reddidit
1125 1131 1401 1180 contumelias,
1429 1130 1500 1180 sec}
1522 1133 1525 1134 ⁷

208 1206 258 1237 ex
281 1206 380 1243 equo
401 1193 595 1240 desiliens,
613 1193 754 1232 vestem
776 1193 810 1231 ei
828 1194 992 1244 regiam,
1008 1192 1110 1233 haud
1135 1193 1499 1243 inferiorem‚quan2

209 1254 352 1304 gestare
374 1263 454 1292 erat
478 1253 631 1301 solitus
658 1253 789 1304 suique
814 1254 1018 1292 comitatus
1042 1263 1190 1304 partem
1216 1255 1350 1293 dedit:
1381 1256 1501 1292 bono-

210 1329 285 1366 que
312 1317 440 1355 animo
470 1315 543 1354 effe
563 1316 727 1364 jussum,
755 1317 805 1357 ad
830 1318 1018 1370 parandas
1043 1315 1136 1357 alias
1158 1317 1315 1383 copias,
1337 1315 1501 1357 bellun-i-

212 1392 288 1430 que
313 1378 583 1418 resumendum
607 1379 861 1419 confirmavit.

267 1441 326 1480 Li.
348 1440 472 1480 Inter
465 1453 498 1478 n
494 1453 546 1479 ec
568 1440 713 1483 reverso
737 1442 785 1480 ad
806 1442 1080 1493 Tigranocerta
1094 1439 1259 1481 Lucullo
1273 1469 1283 1489 ‚
1303 1439 1503 1486 Mancfeue

213 1504 356 1544 Graecis
382 1505 570 1544 militibus
596 1506 859 1553 mercenariis,
890 1506 995 1556 quod
1018 1505 1209 1556 suspectos
1235 1503 1417 1553 haberet,
1445 1517 1504 1543 ar-

210 1578 275 1605 ma
301 1567 456 1606 ademit
490 1568 603 1608 Unde
624 1567 679 1606 illi
703 1568 899 1607 acerbiora
922 1566 1057 1615 veriti,
1078 1566 1159 1606 dies
1183 1565 1387 1616 noctesque
1409 1577 1501 1609 con-

213 1629 360 1678 gregati
387 1628 685 1678 permanebant,
717 1630 880 1685 fustibus
911 1642 1106 1669 armorum
1133 1628 1222 1680 loco
1250 1628 1421 1678 arreptis,
1446 1626 1504 1666 id-

213 1689 316 1727 circo
340 1689 531 1728 mancaeus
552 1704 641 1730 cuni
663 1692 818 1730 armatis
842 1691 882 1729 in
909 1703 974 1729 eos
994 1691 1185 1740 impetum
1214 1689 1328 1737 fecit,
1358 1696 1503 1727 eventui

211 1749 363 1799 prorsus
389 1749 605 1799 inopinato.
633 1751 810 1800 Namque
835 1749 990 1789 brachia
1012 1750 1113 1789 veste
1140 1749 1324 1789 obvoluta
1346 1747 1404 1799 ely
1410 1760 1503 1798 peo÷

212 1823 298 1849 rum
331 1812 455 1851 vicem
484 1811 734 1859 objicientes,
763 1812 926 1850 fustibus
965 1811 1070 1851 haud
1102 1811 1264 1861 impigre
1295 1810 1334 1850 se
1364 1810 1506 1849 defen·

212 1875 373 1915 derunt:
402 1874 690 1925 occisorumque
719 1875 974 1914 barbarorum
996 1876 1109 1920 armis
1142 1875 1313 1914 celeriter
1342 1866 1505 1923 inter-se

215 1936 367 1983 divisis,
398 1937 632 1977 moeniorum
664 1945 811 1986 partem
848 1945 1097 1986 occuparunt.
1148 1937 1246 1976 Cum
1283 1937 1330 1975 iis
1363 1947 1504 1985 magna

217 2011 371 2050 quoque
400 2012 485 2049 pars
517 2000 735 2041 Graecorum
770 1999 902 2039 urbem
932 2000 1187 2040 incolentium
1219 1999 1415 2039 sentiebat.
1452 1999 1506 2038 Ea

218 2059 408 2099 discordia
441 2060 626 2102 Romanis
654 2060 790 2100 urbem
815 2062 985 2112 aperuit,
1014 2061 1283 2112 thesaurosque
1316 2061 1441 2111 regis,
1469 2062 1507 2100 Sc

219 2123 383 2168 alioruin
421 2123 668 2174 amplissimas
696 2137 789 2175 opes
824 2125 994 2164 tradidit.
1031 2125 1131 2165 Οᾶο
1165 2123 1287 2163 millia
1321 2123 1506 2163 talentum

221 2189 372 2239 signata:
412 2204 484 2241 pec
488 2192 585 2230 uniae
613 2192 770 2231 inventa
797 2191 894 2232 sunt.
934 2192 1032 2234 Urbs
1070 2192 1284 2243 diripienda-
1306 2191 1504 2230 militi-bus

220 2251 330 2299 dita,
366 2254 401 2291 ἅ
426 2252 576 2303 insuper
608 2254 796 2292 distributi
828 2254 866 2291 in
894 2253 1057 2305 singulos
1093 2254 1239 2293 denarii
1276 2252 1505 2303 octingenti.

216 2283 335 2357 Multi
366 2314 510 2353 scenici
545 2314 707 2357 artifices
737 2315 838 2366 capti
871 2326 999 2364 erant,
1032 2328 1129 2368 quos
1157 2316 1206 2355 ad
1240 2314 1506 2354 dedicandum.

260 2453 285 2512 5
310 2454 428 2489 XLIX.
449 2456 621 2504 Xiphilim
644 2457 732 2500 Plut.
755 2456 777 2507 5
806 2456 845 2505 Le
870 2457 1046 2502 Memnon.
1069 2457 1157 2500 Plut.
1179 2458 1326 2503 Appian.
1348 2452 1511 2502 Mfflxrid,

1620 2775 1632 2835 Ae:
1629 2701 1634 2747 ..ι
