1638 2937
815 74 818 93 l

280 160 373 217 ‘332
440 155 1464 207 JO.FRE1NSHEM118UPPLEM.·

277 270 375 298 vana
397 259 570 308 inerant,
586 259 844 300 sacerdotibus
871 264 1197 313 mandatum,·ut,
1215 278 1380 317 quantum
1403 267 1564 304 humana-

278 334 340 372 ope
362 321 469 371 poffit
481 352 496 368 ‚
518 336 600 359 vera
625 337 647 359 a
661 321 770 373 falsis
794 323 1027 375 dzfiernerent.

334 382 478 422 XXIV.
519 383 603 423 Nec
632 385 671 422 in
698 392 775 422 tam
803 396 904 423 caeco
939 388 1098 436 negotio
1128 386 1266 425 certius
1292 386 1414 436 aliud,
1444 399 1562 438 quam

276 456 344 494 per
380 436 673 484 acrostichidum
695 476 706 494 ‚
744 454 785 484 ut
821 456 989 495 vocant,
1030 449 1171 501 indicia
1205 459 1394 499 repertum
1432 451 1560 489 discri-

275 519 367 545 men
385 537 396 555 ‚
423 508 622 548 Terentius
648 509 763 548 Varro
788 508 1033 559 dod'ciffimss,
1072 510 1136 549 sed
1161 511 1292 550 iisdem
1320 511 1558 561 ineptiffimis

277 582 405 609 rerum
434 571 649 610 divinarum
680 570 786 610 libris
815 573 997 622 prodidit.
1037 573 1183 612 Eodem
1211 588 1332 621 anno,
1360 574 1561 624 postquam

274 631 441 680 primum
466 645 530 670 ver
557 633 760 682 apparuit,
795 632 1002 672 resumtum
1041 635 1177 673 acriter
1205 636 1242 673 in
1275 636 1454 687 Hispania
1481 636 1560 675 bel-

246 692 354 731 »lum
383 694 456 741 est,
488 693 683 744 multaque
710 696 744 733 Sc
768 704 927 733 cruenta
955 695 1087 744 proelia
1111 696 1220 736 fafta.
1255 697 1428 736 Tandem
1454 697 1559 748 apud

274 753 445 794 Italicam
475 755 624 794 Baeticae
656 756 788 794 urbem
826 757 876 805 Q.
906 756 1112 806 Metellus,
1157 760 1192 797 Sc
1219 760 1375 798 Sertorii
1400 760 1561 809 quaestor

275 815 316 855 L.
346 816 583 866 Hirtulejus,
615 819 706 856 totis
742 817 882 856 viribus
916 818 1100 869 congressi
1139 819 1236 859 sunt.
1274 820 1464 860 Metellus*
1495 822 1561 860 ad-

275 875 401 915 versus
432 876 595 917 hostium
630 877 868 917 celeritatem
898 891 942 918 ac
973 879 1154 918 ferociam
1175 911 1184 928 ,
1217 880 1322 920 haud
1348 881 1464 932 paulo
1492 883 1561 920 mi-

276 949 346 975 nus
364 937 504 976 viribus
519 970 528 987 ‚
546 952 659 989 quam
681 939 836 980 consilio
851 971 861 986 ,
880 940 1094 982 tribuebat:
1122 950 1199 981 tam
1217 941 1378 993 diligens
1395 943 1560 991 celandi,

274 1011 357 1047 quae
384 1000 592 1048 cogitaret,
619 1010 660 1039 ut
685 1001 956 1052 interroganti,
984 1003 1069 1053 quid
1091 1005 1225 1055 postem
1251 1005 1306 1041 die
1319 1003 1481 1055 faffiffus
1511 1007 1562 1058 esl-

266 1061 343 1112 set,
369 1059 628 1110 responderit:
657 1063 813 1101 tunicam
834 1078 964 1112 meam,
1004 1080 1015 1101 z
1034 1064 1146 1115 eloqui
1162 1063 1296 1116 peffet‚
1323 1065 1558 1106 εοιηὲῑινεϊενηλ

330 1121 458 1161 XXV.
490 1122 611 1174 Igitur
642 1125 850 1174 insignem,
883 1138 996 1176 quam
1029 1133 1121 1163 tunc
1150 1126 1311 1175 adeptus
1345 1126 1418 1175 est,
1441 1127 1559 1166 victo..

277 1183 394 1231 riam,
412 1196 490 1222 non
508 1194 589 1224 tarn
615 1185 782 1224 militum
807 1185 979 1234 lacertis,
996 1199 1108 1236 quam
1126 1186 1278 1236 ingenio
1299 1187 1386 1235 suo,
1412 1188 1559 1229 debuit.

274 1246 433 1290 Oriente
456 1249 630 1297 protinus
654 1250 738 1298 die,
757 1249 970 1299 Hirtulejus
995 1250 1209 1289 instrustam
1225 1252 1345 1289 aciem
1359 1251 1459 1290 vallo
1476 1254 1561 1301 ejus

275 1308 523 1351 admoverat:
556 1324 680 1361 neque
711 1325 817 1351 mora
844 1313 960 1358 esset,
989 1314 1010 1351 fi
1039 1313 1125 1352 suos
1162 1313 1334 1361 audiret,
1362 1315 1455 1363 quin
1490 1314 1560 1353 sta-

274 1372 343 1410 tim
367 1384 498 1412 contra
527 1374 706 1414 exiretur.
749 1376 825 1416 Sed
860 1377 1027 1427 prudens
1059 1377 1287 1426 imperator,
1316 1376 1414 1414 intra
1442 1376 1560 1416 castra

275 1444 423 1474 retento
457 1437 658 1485 exercitu,
693 1439 886 1488 geminam
916 1439 1123 1479 utilitatem
1160 1439 1356 1489 percepit:
1392 1438 1559 1489 spatium

273 1499 407 1537 nanus
422 1529 432 1546 ,
449 1512 523 1549 quo
547 1501 799 1541 consideraret
821 1501 986 1542 hostium
1010 1503 1130 1542 aciem
1146 1533 1155 1550 ,
1174 1503 1411 1552 eandemque
1428 1502 1560 1555 (fervi-

276 1560 469 1602 dissimum
493 1565 595 1603 enirn
619 1567 713 1604 anni
739 1575 891 1618 tempus
923 1567 1031 1621 erat)
1066 1567 1253 1605 caloribus
1275 1567 1561 1605 conficiendam

274 1622 515 1674 relinqueret.
542 1626 693 1666 Idcirco
721 1640 807 1667 cum
825 1659 836 1677 ,
856 1629 959 1679 quod
991 1629 1139 1668 roboris
1174 1629 1212 1667 in
1240 1628 1364 1667 hostili
1391 1628 1560 1667 exercitu

275 1693 376 1733 erat,
400 1687 437 1725 in
459 1689 586 1728 media
612 1691 693 1729 acie
716 1691 808 1730 stare
831 1692 1095 1742 comperiffet:
1124 1692 1171 1730 fic
1193 1692 1364 1731 instruxit
1386 1692 1561 1730 edocuit-

274 1757 347 1794 que
371 1746 477 1796 suos,
513 1757 556 1787 ut
578 1762 720 1790 cornua
745 1752 896 1802 longius
925 1762 1099 1803 protenta
1128 1753 1228 1804 prius
1268 1766 1355 1792 cum
1378 1754 1559 1804 oppositis

275 1810 624 1858 congrederentur,
656 1827 772 1864 quam
804 1815 939 1854 mediae
973 1817 1072 1854 acies
1109 1816 1368 1866 confligerent.
1408 1816 1478 1855 His
1506 1815 1558 1854 ita

275 1871 483 1920 ordinatis,
514 1873 581 1913 sub
610 1874 753 1915 sextam
779 1877 854 1915 diei
889 1877 1023 1916 horam
1061 1879 1273 1917 exercitum
1308 1879 1450 1916 eduxit.
1485 1878 1559 1917 Re-

275 1944 364 1971 cens
395 1934 556 1975 Metello
590 1937 720 1985 miles,
760 1939 897 1977 curatis
930 1941 1181 1989 corporibus,
1224 1939 1366 1978 viribus
1402 1939 1558 1988 integris

272 2007 444 2044 pugnam
472 1996 708 2048 capessebat:
741 2000 946 2039 Sertoriani
976 2001 1108 2040 stando
1142 2001 1221 2040 feffi
1240 1991 1403 2052 ,bingis
1440 2000 1556 2040 etiam

274 2057 362 2095 aestu
390 2057 668 2108 fatigabantur:
698 2063 734 2101 ἅ
763 2061 849 2112 quia
872 2062 1053 2102 Metellus
1075 2063 1242 2102 mediam
1260 2062 1380 2101 aciem
1399 2062 1558 2100 reduxe-

277 2127 355 2165 rat,
383 2119 588 2159 fortissimae
620 2134 778 2170 quaeque
801 2121 1000 2170 cohortes,
1027 2123 1050 2162 fi
1074 2123 1233 2171 starent,
1270 2121 1398 2161 otiosae
1428 2133 1558 2160 mane-

277 2178 394 2228 bant;
426 2181 478 2220 fin
508 2191 774 2232 procurrerent
806 2184 845 2222 in
873 2184 1042 2233 hostem,
1081 2185 1147 2224 hic
1175 2198 1328 2237 quoque
1356 2196 1478 2230 novus
1502 2183 1560 2222 la-

276 2240 346 2279 bor
371 2242 560 2292 prioribus
583 2243 762 2283 molestiis
790 2245 1012 2286 accedebat.

323 2379 344 2418 S
368 2379 493 2414 XXIII.
517 2380 642 2415 Fenest.
666 2393 719 2425 ap.
737 2380 884 2414 Lastant.
902 2381 942 2414 de
962 2381 1013 2414 Ira
1029 2380 1062 2413 δε
1079 2380 1119 2413 dc
1132 2379 1210 2413 Inst.
1234 2391 1263 2413 1.
1279 2379 1425 2424 Dionys.
1440 2390 1481 2419 4,
1499 2387 1559 2419 70.

276 2424 385 2456 Strab.
414 2427 437 2457 l.
476 2437 522 2468 ¹3·
556 2426 666 2458 Tacit.
700 2426 720 2468 5
747 2427 873 2458 XXIV.
899 2426 1046 2468 Appian.
1076 2426 1171 2460 civil.
1198 2427 1221 2459 I..
1249 2436 1279 2460 ι.
1307 2424 1408 2459 Oros.
1439 2424 1556 2457 Fron&-

275 2469 378 2502 Sti-at.
403 2481 413 2502 1
433 2494 440 2510 ‚
459 2480 487 2502 1.
512 2470 533 2514 ς
555 2471 662 2506 XXV.
686 2470 803 2504 Front.
823 2482 866 2512 2,
886 2481 898 2503 ι
922 2471 956 2504 ὃς
979 2480 1012 2514 3.

1631 370 1638 430 i
