1638 2937
287 175 367 222 IN
415 175 579 221 LOC.
627 175 768 220 LIB.
831 172 985 220 XCVI
1034 174 1180 222 L1V.
1282 185 1375 239 '397

95 283 215 331 datis,
243 290 309 332 ut,
336 296 424 322 cum
452 290 677 334 perventum
706 280 809 327 effet,
835 294 911 330 quo
933 281 1123 330 voluisset,
1152 284 1380 332 Spartacum

90 343 194 394 sequi
219 353 448 391 contentus,
470 357 490 382 a
516 343 726 393 pugnando
751 342 966 381 abstineret.
1003 345 1047 382 At
1071 343 1158 391 ille,
1180 346 1288 384 iimul
1311 346 1378 385 ali-

90 418 163 455 qua
188 405 270 456 spes
308 406 406 444 bene
432 405 604 455 gerendae
636 404 688 442 rei
720 404 892 454 cupienti
920 405 1048 443 animo
1081 405 1246 445 allucere
1274 407 1375 457 visa,

90 468 218 518 spreto
242 470 404 519 imperio
432 466 592 505 contulit
621 466 744 516 signa,
767 465 962 516 vietusque
992 466 1135 506 multos
1161 470 1286 507 amisit
1306 471 1376 508 mi-

86 528 196 568 lites:
228 529 379 580 plures,
404 528 560 577 abjestis
589 528 726 575 armis,
752 528 800 566 ad
826 526 994 566 Crafl'um
1014 529 1245 578 refugerunt.
1280 530 1373 580 Ille,

90 590 286 631 Mummio
304 591 439 629 acriter
459 590 646 639 increpito
660 620 671 637 ,
692 589 877 628 militibus
899 589 972 629 alia
990 590 1097 629 dedit
1118 603 1240 640 arma,
1264 591 1378 642 spon-

87 653 263 704 foresque
292 656 440 705 exegit,
469 667 512 693 ea
539 664 616 693 non
645 653 860 692 omissuros.

148 716 250 756 XL-I.
282 716 434 755 Deinde
456 717 758 766 quingentos‚,a
781 714 922 764 quibus
950 714 1102 753 initium
1129 722 1256 753 ortum
1277 715 1380 766 fugae

88 776 239 823 fuerat,
270 776 367 816 sorte
403 777 561 825 ductos,
589 790 697 815 more
732 778 921 825 majorum
955 776 1042 815 fusti
1076 777 1266 827 percuffit.
1300 777 1379 817 hoc

92 841 248 890 propius
273 839 390 878 fidem
416 840 492 886 est,
520 853 635 889 quarn
664 840 766 889 quod
792 838 881 886 alii,
911 846 1037 877 totum
1062 843 1298 887 exercitum,
1325 840 1379 879 le-

90 902 221 952 giones
253 903 339 941 octo
366 903 574 955 decimatas
612 904 747 950 aiunt,
780 900 1022 951 militumque
1053 904 1101 942 ad
1134 903 1254 942 millia
1287 917 1382 954 qua-

92 971 182 1001 tuor
211 976 257 1002 eo
295 963 482 1014 supplicio
513 964 670 1014 periisse.
712 965 795 1004 Nec
832 964 907 1003 alio
939 974 1114 1016 tempore
1151 967 1380 1007 clarioribus

91 1025 334 1064 documentis
366 1028 558 1076 apparuit,
584 1040 699 1076 quam
733 1027 901 1066 salutaris
934 1028 975 1066 fit
1010 1027 1210 1075 severiter&
1239 1029 1306 1068 ubi
1327 1029 1381 1068 le-

92 1089 203 1126 niora
230 1088 397 1126 remedia
429 1097 743 1128 contemnuntur.
774 1089 873 1128 Nam
904 1089 986 1138 post
1013 1088 1112 1127 hanc
1143 1089 1379 1131 animadver-

89 1148 261 1195 sionem,
285 1149 394 1186 ducis
410 1151 577 1196 majore,
599 1162 712 1198 quam
739 1147 877 1196 hostis,
907 1157 1013 1187 metu
1040 1150 1143 1199 apud
1163 1149 1249 1188 suos
1273 1152 1378 1189 exci-

90 1217 199 1256 tato,
231 1209 512 1248 decemmillia
536 1210 785 1260 Fugitivorum
815 1209 963 1248 seorsim
996 1209 1127 1249 stativa
1153 1210 1379 1251 habentium

92 1271 309 1322 aggressus,
339 1271 399 1311 sex
427 1271 547 1311 millia
584 1285 716 1311 eorum
750 1271 964 1320 interfecit,
1003 1272 1180 1321 cepitque
1208 1286 1382 1323 nongen-

88 1339 162 1371 tos.
198 1332 348 1382 Reliqui
379 1344 468 1371 cum
497 1333 545 1372 ad
573 1333 711 1371 ducem
739 1331 979 1382 refugissent,
1007 1331 1155 1371 Crassus
1181 1334 1222 1372 in
1252 1334 1376 1385 ipsum

80 1406 245 1443 -quoque
270 1394 398 1434 intulit·
426 1395 548 1445 signa,
577 1394 875 1445 prosperumque
909 1392 1087 1444 proelium
1117 1395 1219 1435 fecit.

77 1473 86 1477 ·
153 1456 275 1497 XLII.
308 1457 410 1496 Tum
437 1459 643 1508 Spartacus
667 1470 734 1507 per
754 1457 964 1498 Lucaniam
986 1457 1033 1495 ad
1058 1456 1200 1496 fretum
1220 1465 1383 1497 contenae'

92 1515 176 1563 dit,
208 1519 249 1556 in
280 1517 453 1557 Siciliam
480 1518 727 1567 transituru83
752 1531 834 1568 quae
861 1517 983 1556 insula
1012 1531 1058 1557 ex
1085 1518 1273 1559 bellorum
1301 1519 1383 1559 ser-

89 1580 223 1619 vilium
256 1582 462 1630 incendio,
489 1596 564 1632 quo
592 1581 689 1632 saepe
718 1583 754 1621 Sc
785 1594 907 1632 nuper
933 1590 1011 1620 erat
1047 1584 1211 1633 agitata,
1238 1583 1380 1623 multas

28 1674 31 1677 .
91 1641 219 1680 adhuc
257 1641 437 1682 scintillas
479 1643 585 1683 velut
620 1643 687 1683 sub
721 1643 912 1682 cineribus
951 1643 1098 1694 alebat,
1136 1645 1303 1684 exituras
1337 1646 1378 1684 in

90 1705 308 1752 flammam,
327 1707 350 1745 fi
375 1707 560 1746 mediocri
585 1711 692 1745 motu
716 1716 898 1757 tanquam
923 1707 1085 1746 flabellis
1105 1708 1376 1748 excitarentur,

74 1764 236 1816 vflgitur,
262 1780 349 1806 cum
377 1769 475 1807 forte
501 1769 724 1819 praedatoria
750 1768 899 1819 navigia
921 1769 1104 1811 venissent
1137 1770 1186 1808 ad
1213 1769 1377 1818 fretum,

78 1827 169 1877 egit
192 1840 278 1866 cum
297 1827 503 1876 Cilicibus,
527 1838 568 1868 ut
592 1838 692 1868 certa
716 1830 892 1869 mercede
916 1839 1062 1880 partem
1089 1829 1241 1868 suorum
1263 1831 1376 1883 (duo

93 1889 214 1929 millia
245 1900 325 1930 erat
357 1892 566 1945 miffurus)
597 1893 635 1931 in
662 1892 784 1932 insula
812 1901 1058 1944 exponerent.
1089 1894 1164 1933 Sed
1192 1895 1378 1943 deceptus

93 1965 116 1991 a
141 1952 345 2001 Cilicibus,
377 1955 569 2005 proposito
598 1955 761 1995 excidit:
786 1954 891 2005 quod
917 1955 970 1994 illi
996 1956 1078 2005 post
1103 1964 1261 2005 accepta
1289 1969 1377 1994 mu-

92 2027 206 2062 nera,
223 2015 352 2055 solutis
379 2016 560 2067 navigiis,
583 2018 688 2057 taciti
715 2016 975 2056 abscesserant.
1002 2018 1228 2067 Spartacus,
1247 2018 1389 2070 (post-

92 2090 208 2127 quam
232 2079 281 2117 ad
306 2081 579 2128 trajiciendum
603 2093 698 2120 rates
727 2093 776 2119 ex
803 2080 968 2119 cratibus
995 2080 1074 2118 fieri
1101 2080 1225 2129 juffit,
1255 2083 1290 2121 St
1311 2082 1378 2121 do-

95 2140 148 2180 lia
175 2142 349 2191 virgultis
379 2145 573 2184 connec‘ti:
600 2143 663 2182 sed
690 2145 728 2182 in
753 2144 987 2194 rapidissimo
1013 2145 1112 2184 freto
1141 2146 1274 2196 fragile
1300 2160 1379 2186 ma-

95 2203 386 2245 chinamentum
415 2208 490 2246 cito
526 2207 745 2251 diffolutum
782 2208 862 2255 est)
898 2207 1028 2248 relicto
1064 2209 1199 2257 litore,
1225 2211 1377 2249 reduxit

84 2268 227 2317 “copias
242 2270 310 2315 ,ἃ
336 2268 373 2306 in
392 2268 661 2319 ‘Rheginorum
690 2269 889 2319 peninsula
911 2270 1092 2326 consedit.

158 2328 299 2369 XLIII.
333 2331 469 2380 Neque
499 2329 645 2370 Crassus
680 2332 904 2371 cunctanter
923 2327 1148 2380 insecutus,
1172 2333 1239 2372 ubi
1266 2331 1380 2373 locos

97 2443 165 2522 20}
180 2445 258 2524 Ιξῗιῐῑῒ.
286 2446 431 2490 Appian.
452 2447 586 2498 §.XLL
609 2447 712 2484 Oros.
745 2448 835 2483 Plut.
861 2449 1008 2495 Appiam.
1043 2449 1064 2494 §
1094 2450 1196 2486 XLII.
1225 2449 1313 2485 Flor.
1331 2460 1350 2496 3
1366 2476 1376 2494 a
