1638 2937
178 159 259 208 rN
303 158 475 204 roc.
521 153 656 203 tra.
707 149 954 200 mxxix
1004 152 1150 202 mv,
1251 162 1339 216 305²

60 266 169 310 nium
194 267 428 313 restiterunt3
444 275 676 315 quamquam
701 274 981 311 nonnunquam
1012 261 1092 312 ipse
1114 262 1279 302 dictator
1304 264 1347 303 in

58 330 186 371 eastris
215 329 482 368 obfidentium.
502 324 640 364 fuisset.
665 324 730 363 Sic
749 322 939 362 exstinctis
960 335 1028 372 per
1045 323 1193 363 Italiam
1224 323 1347 363 bello·-

62 403 148 432 rum
171 391 359 441 reliquiis,
374 391 491 427 etiam
510 388 550 425 in
573 385 654 425 Asia
668 414 679 432 ,
696 397 779 434 quae
799 383 877 422 sola
903 383 992 422 urbs
1014 384 1098 433 post
1112 386 1256 423 vietum
1274 385 1350 424 Mi·-

63 454 272 494 thridatem
292 454 333 492 in
354 444 564 500 rebellione
582 447 816 497 perstiterat,
841 445 1039 496 Mitylenae
1063 458 1084 484 a
1099 445 1154 485 M.
1175 447 1346 485 Thermo

64 524 295 566 expugnatae
327 514 537 561 dirutaeque
573 509 671 548 sunt.
704 509 758 548 Eo
789 506 891 546 bello
922 507 962 546 C.
984 505 1108 554 Julius
1135 506 1256 545 Caesar
1284 508 1352 545 ad-

64 576 225 615 modum
248 572 470 613 adolescens
490 573 530 610 in
553 570 808 610 contubernio
835 570 1003 620 praetoris
1025 569 1128 620 egit,
1156 571 1190 608 δε
1211 568 1257 608 ab
1277 582 1347 617 eo,

61 638 187 689 captis
214 635 436 686 Mitylenis,
460 645 602 673 corona
622 632 740 672 civica
761 631 926 670 donatus
954 630 1018 669 est.

117 697 328 740 XXXVII.
350 697 459 736 Idem
484 708 606 735 annus
631 695 672 734 L.
694 692 842 733 Sullam
865 705 913 730 ex
940 701 1125 743 perpetuo
1157 691 1347 731 dictatore

63 762 255 815 privatum
287 760 408 807 vidit,
439 771 520 797 rem
559 758 824 807 inopinatam,
864 758 900 794 ὁὶ
934 767 1014 793 non
1049 768 1127 794 una
1162 755 1210 793 de
1240 754 1354 793 causa

64 823 213 876 prorsus
247 820 526 861 admirabilem.
580 818 659 867 Qui
693 818 795 856 enim
829 825 1012 866 tanquam
1048 815 1153 854 rabie
1184 816 1356 864 quadam

64 889 194 933 attus,
223 883 321 923 nihil
348 882 507 932 usquam
538 880 685 930 fibique
714 881 749 919 &
779 877 860 917 aliis
897 877 1096 927 quietum,
1134 876 1240 916 nulla
1269 879 1355 926 jura

66 945 276 992 inviolata,
305 942 406 982 nihil
434 942 483 981 ad
516 941 704 980 summam
733 939 1023 978 contentionem
1047 937 1247 985 laborum,
1287 950 1356 988 pe.-

67 1010 298 1055 riculorum,
332 1007 498 1055 denique
527 1003 711 1042 scelerum
737 1005 772 1041 &
801 1002 1055 1040 immanitatis
1085 1000 1272 1050 reliquum
1300 1001 1358 1039 fe-

67 1080 194 1118 cerat,
223 1080 264 1108 ut
285 1081 383 1108 unus
415 1067 543 1106 omnia
565 1065 713 1116 poffet3
743 1066 860 1112 istut,
883 1063 1154 1113 interpellante
1179 1063 1359 1110 nemine,

66 1134 206 1175 summi
228 1132 583 1183 imperiirpacatam
600 1159 610 1176 ‚
634 1129 670 1167 &
692 1127 875 1177 patientia
899 1127 1042 1165 civium
1068 1126 1358 1176 propemodum

68 1197 204 1247 justam
234 1193 498 1245 possessionem
527 1191 662 1242 sponte
685 1190 918 1240 deponeret,
944 1184 1152 1239 exspectari
1180 1188 1358 1238 profecto

68 1255 337 1303 non>debuit3
375 1253 581 1305 praesertim
615 1264 704 1290 cum
730 1262 854 1301 neque
883 1258 992 1290 aetate
1018 1250 1254 1294 etiamnum,
1284 1262 1361 1288 ne..

71 1333 145 1371 que
173 1319 345 1369 corporis
377 1317 520 1356 viribus
548 1315 817 1354 destitueretur.
840 1315 910 1352 ‘An
942 1312 1063 1362 ipsum
1091 1313 1169 1360 jam
1199 1311 1360 1361 pigebat

70 1392 188 1433 raptae
222 1380 440 1432 potestatis,
476 1381 511 1418 ἃ
542 1390 631 1416 curn
661 1375 877 1415 recordatio
909 1374 1139 1413 delictorum
1167 1372 1254 1411 serae
1278 1386 1361 1423 poe-

72 1443 242 1483 nitentiae
274 1439 458 1480 morfibus
487 1438 678 1478 consciam
706 1447 875 1476 mentem
913 1442 1155 1483 cruentaret,
1197 1443 1360 1485 quantae

71 1506 238 1546 miserias
260 1517 372 1555 quam
389 1503 465 1542 vile
483 1502 533 1541 ob
555 1502 755 1553 praemium
771 1500 973 1551 perferret,
996 1499 1232 1548 experientia
1247 1511 1361 1537 mon-

72 1569 210 1608 strante
235 1566 494 1617 persenserat?

127 1628 356 1671 XXXVIII.
400 1628 502 1668 Nam
542 1625 761 1677 priusquam
799 1622 939 1674 cupitis
979 1590 1188 1672 potiretur,
1228 1621 1268 1659 in
1302 1621 1361 1661 his

75 1703 234 1730 ornnem
280 1688 397 1728 inesse
437 1690 472 1728 ἃ
505 1687 663 1727 solidam
704 1686 817 1725 animi
855 1683 1080 1722 felicitatem
1118 1682 1363 1722 crediderat:

76 1754 239 1803 adeptus
267 1751 432 1799 deinde,
462 1763 550 1789 cum
581 1749 618 1789 se
646 1751 755 1799 pejus
778 1747 892 1785 etiam
917 1744 1124 1784 excruciari
1150 1744 1364 1794 deprehens-

76 1817 208 1864 deret,
245 1814 363 1854 odifl'e
397 1822 511 1863 atque
540 1812 710 1852 'fastidire
745 1809 892 1860 coepit,
930 1807 1034 1858 quod
1063 1814 1176 1846 antea
1205 1819 1270 1856 per
1305 1812 1365 1845 tot

77 1871 180 1917 bella
211 1876 335 1915 civilia
362 1874 644 1926 flagrantiffime
671 1873 922 1924 appetiverat.
961 1871 1054 1910 H'aec
1081 1869 1258 1920 exempla
1295 1870 1367 1908 do..

78 1952 164 1979 cere
187 1936 460 1978 mortalitatem
485 1944 681 1988 poterant,
704 1944 747 1975 ut
768 1934 983 1993 priusquam
1001 1932 1075 1971 sese
1099 1933 1364 1982 praecipitent,

80 2003 183 2042 unde
205 2001 351 2053 regredi
383 2014 463 2039 non
493 1999 628 2047 liceat,
674 1996 832 2037 confilio
865 2004 999 2048 regant
1031 1994 1212 2041 affectus,
1244 1994 1364 2044 iisque

82 2063 196 2102 rebus
231 2063 445 2112 quaerendis
479 2060 711 2107 adhibeant,
749 2071 840 2109 quas
874 2058 941 2096 ubi
975 2057 1167 2095 consecuti
1199 2056 1366 2104 fuerint,

79 2123 188 2164 nullo
230 2123 412 2173 deinceps
451 2122 600 2172 pudore
639 2120 918 2170 poenitentiave
946 2125 1211 2168 torqueantur.
1263 2117 1368 2157 Nam

83 2185 190 2226 Sulla
211 2184 395 2235 quidem,
418 2195 532 2233 quam
557 2181 703 2221 acerbis
727 2180 927 2231 suppliciis
951 2180 1121 2218 domitus
1145 2178 1287 2230 pristini
1310 2179 1367 2227 jue

68 2246 175 2297 ,dicii
217 2256 382 2285 errorem
417 2243 705 2290 emendaverit,
743 2243 783 2281 in
814 2240 1017 2292 propatulo
1055 2240 1131 2288 est,
1168 2252 1257 2279 cum
1287 2247 1370 2279 rem

86 2320 197 2350 antea
233 2308 428 2360 praela'tam
464 2307 670 2357 omnibus,
705 2308 758 2346 ita
790 2306 981 2346 festinaret
1019 2303 1208 2353 abjicere,
1243 2311 1286 2342 ut
1321 2312 1370 2342 ne

89 2449 94 2453 ·
154 2435 175 2469 Ε
201 2433 360 2467 XXXVI.
387 2425 459 2465 Cir).
489 2435 551 2476 pro
548 2432 616 2508 περ
619 2442 652 2464 x
681 2430 782 2494 Rosc.
812 2441 844 2466 c
876 2439 930 2474 37.
955 2428 1033 2463 [ἰν.
1055 2427 1148 2471 Epir.
1170 2428 1311 2467 Sueton.
1335 2430 1374 2463 in

88 2477 175 2514 Caes.
196 2490 225 2511 c.
260 2490 309 2511 ιι.
334 2477 435 2510 Oros.
466 2488 507 2518 5,

191 2527 242 2575 T.
268 2526 383 2575 Livii
417 2528 515 2573 Vol.
543 2523 636 2572 IX.
1084 2518 1129 2565 V
