1638 2937
166 162 249 210 IN
297 162 457 209 roc.
499 160 637 207 ΜΒ.
690 159 935 206 Lxxxrx
983 161 1128 208 LIV.
1242 177 1332 227 30,

1309 201 1328 228 )

55 269 155 321 luiffe
177 269 365 323 sudoribus
388 268 422 306 ἃ
443 265 608 320 periculis
629 265 709 319 fitis
735 264 891 303 cerarium
908 265 1084 317 publicum
1112 267 1338 320 locupletari:

53 343 146 368 nunc
157 332 225 382 fibi
245 331 376 383 studere
401 342 581 381 quemque,
602 338 640 364 ut
655 355 666 373 ,
684 325 894 376 defraudata
916 326 1110 378 republica,
1133 329 1170 365 in
1191 340 1239 367 tot
1253 345 1338 383 par„

53 392 184 430 ticulas
223 393 385 445 distrat‘lae
411 390 590 443 pecuniae,
632 402 737 440 neque
764 388 982 440 privatorum
1017 388 1237 438 cupiditatem
1269 405 1340 429 ex-

54 454 178 506 pleant
193 483 204 501 ,
226 455 261 492 ὃ*
282 455 396 504 ufibus
417 452 593 500 civitatis,
619 451 760 490 nimium
785 462 949 503 quantum
975 450 1034 488 his
1052 452 1260 502 temporibus
1281 469 1343 492 ex-

59 514 213 567 hausta,
249 515 506 566 subtrahantur.

114 576 289 617 XXXII.
309 577 442 614 Audire
460 575 518 627 se,
533 574 666 627 jaffari
681 589 705 612 a
726 574 950 627 quibusdam,
972 572 1115 612 multum
1131 575 1235 612 etiam
1251 576 1345 628 juris

56 654 166 694 penes
190 640 374 678 exercitum
397 637 483 690 effe:
504 638 544 675 id
566 637 700 689 quidem
714 635 867 688 facilius
887 635 976 682 dici,
999 649 1102 686 quam
1125 637 1344 689 demonstrari

57 700 164 756 poffi.
184 714 325 740 ceterum
344 712 381 738 ut
401 700 552 738 maxime
571 699 623 737 ita
645 712 698 737 res
720 699 878 746 haberet,
902 697 1032 750 miffitm
1049 699 1091 750 se
1109 699 1209 750 prius
1224 701 1343 738 trium-

58 765 166 817 plzum
184 762 333 814 facere,
361 776 464 814 quam
487 773 524 799 ut
547 760 718 798 militibus
737 760 816 812 suis
840 759 1010 797 aduletur.
1055 758 1174 798 fasces
1202 760 1342 801 deinde

63 824 252 863 laureatos
287 824 434 873 objecit
454 823 590 862 acriter
616 822 830 871 increpitis,
856 822 900 859 ab
917 822 1055 860 illorum
1078 825 1266 876 direptione
1279 829 1346 876 ju—

66 884 162 926 bens
183 885 340 937 incipere.
362 882 450 923 ¹Hac
474 883 704 922 verecundia
727 883 815 921 curn
836 882 885 921 ad
904 882 1130 923 modestiam
1148 897 1214 925 eos
1241 889 1348 928 rede-

67 946 197 997 giffet,
214 947 253 985 in
271 946 406 995 majori
421 947 597 984 omnium
613 944 863 983 admiratione
875 974 885 992 ,
900 957 1013 994 quam
1030 945 1080 984 ob
1095 955 1154 986 tot
1171 960 1228 988 res
1244 949 1347 989 bello

67 1006 210 1057 gestas,
231 1007 332 1047 fuit:
367 1006 616 1056 Serviliusque
643 1007 856 1056 praecipuus
884 1014 994 1044 antea
1020 1008 1187 1057 negandi
1216 1011 1351 1050 trium-

65 1068 136 1120 phi
165 1070 323 1116 audior,
351 1068 651 1119 pulcherrimum
680 1069 712 1105 ei
738 1067 1000 1106 testimonium
1035 1070 1228 1119 reddidit,
1260 1088 1352 1112 nunc

67 1145 147 1171 vero
159 1132 199 1184 se
213 1130 416 1182 Pompejum
439 1144 515 1167 vere
531 1132 705 1182 Magnum
719 1158 730 1176 ,
747 1129 982 1180 triumphoque
998 1130 1220 1182 digriiffimum
1243 1147 1352 1185 agno-

61 1192 167 1246 scere.
197 1189 276 1231 Sub
310 1190 415 1228 idern
439 1197 590 1239 tempus
620 1189 687 1227 Cn.
714 1188 918 1228 Norbanus
946 1189 1151 1230 consularis
1182 1193 1353 1242 proscri-

71 1265 190 1308 ptus,
226 1267 316 1293 cum
348 1253 531 1293 Rhodum
567 1251 795 1301 trajecisset,
828 1260 942 1302 atque
982 1255 1160 1304 repetitus
1192 1269 1212 1296 a
1248 1257 1353 1297 Sulla

72 1317 465 1368 comprehenderetur
482 1347 492 1364 ,
522 1314 685 1355 Rhodiis
711 1313 837 1353 adhuc
866 1314 1185 1367 deliberantibus,
1211 1319 1251 1357 in
1276 1332 1355 1359 me-

72 1382 139 1421 dio
164 1382 248 1420 foro
272 1380 309 1418 se
328 1379 534 1418 interemit.

130 1441 328 1483 XXXIII.
364 1441 501 1490 Neque
531 1439 633 1478 enim
662 1439 790 1478 adhuc
813 1438 1133 1491 proscriptionum
1168 1443 1356 1484 acerbitas

72 1504 192 1557 plane
210 1503 507 1552 conquieverat:
529 1503 564 1541 8<
587 1500 774 1550 Mutilus,
794 1515 890 1541 unus
917 1515 963 1541 ex
984 1503 1203 1555 proscriptis
1217 1536 1229 1554 ‚
1252 1505 1354 1547 clam

75 1567 201 1617 capite
228 1566 413 1615 adoperto
441 1565 489 1603 ad
513 1564 611 1603 aedes
632 1563 758 1604 Bastiae
776 1564 902 1603 uxoris
922 1576 1012 1604 cum
1035 1566 1262 1616 aceeffiffet,
1290 1568 1355 1608 ad.

74 1628 207 1669 missus
237 1627 396 1666 minime
429 1627 482 1666 cst
503 1657 516 1673 ,
547 1627 651 1676 quod
685 1626 794 1665 illum
826 1626 962 1666 mulier
990 1629 1217 1682 profitriptum
1249 1631 1358 1670 dice-

76 1699 160 1731 ret:
195 1691 326 1739 itaque
361 1689 397 1728 se
419 1689 646 1737 transfodit,
672 1690 707 1728 8(
727 1688 909 1739 sanguine
929 1687 999 1727 suo
1028 1688 1129 1728 fores
1152 1691 1277 1730 uxoris
1302 1705 1358 1731 re-

79 1753 218 1805 spersit.
251 1752 352 1792 Tum
375 1751 490 1790 etiam
515 1749 637 1798 Nola,
663 1763 745 1800 quae
771 1751 957 1801 postrema
992 1750 1144 1790 urbium
1176 1753 1359 1793 Samniti-

80 1814 152 1854 bus
175 1812 390 1852 inseffarum
429 1811 725 1862 pertinaciffime
756 1824 860 1850 arma
890 1812 1104 1861 retinebat,
1140 1814 1360 1864 proditione

81 1884 192 1927 capta
220 1876 271 1915 est
289 1906 300 1924 ‚
326 1875 383 1915 M.
408 1873 563 1915 AEmilio
600 1873 745 1924 Lepido
784 1874 1007 1914 intromisso.
1037 1887 1152 1925 reque
1179 1877 1358 1927 cognita,

83 1934 237 1984 obsessi,
265 1935 352 1986 quia
375 1934 606 1975 Samnitibus
629 1933 732 1973 nulla
755 1934 837 1985 spes
861 1934 988 1973 salutis
1012 1936 1112 1985 apud
1138 1936 1281 1975 Sullam
1306 1950 1360 1976 re-

82 1997 174 2037 Iic‘ta
208 2006 289 2036 erat
312 2027 324 2043 ,
358 1995 433 2035 suis
461 2004 525 2035 aut
564 1995 717 2035 suorum
753 1996 888 2046 gladiis
920 2005 1157 2046 occuparunt
1195 2010 1358 2039 necem:

84 2058 242 2108 quidam
277 2057 421 2107 laqueis
453 2057 651 2108 praefocati
689 2057 799 2097 sunt:
836 2057 903 2096 alii
937 2057 1081 2096 foribus
1105 2058 1261 2099 occlusis
1285 2061 1364 2100 do-

86 2133 170 2159 mos
193 2120 305 2170 seque
337 2128 639 2158 concremarunt.
672 2120 885 2170 eodemque
904 2128 1079 2170 tempore
1097 2130 1229 2161 ventus
1258 2135 1366 2162 exor-

87 2190 149 2221 tus
175 2181 410 2230 vehemens,
445 2184 495 2222 ita
517 2183 659 2222 distulit
684 2184 937 2232 incendium,
973 2195 1015 2222 ut
1049 2184 1192 2234 oppido
1216 2187 1366 2226 confla-

90 2254 250 2296 grante,
278 2246 403 2284 omnis
424 2245 531 2284 simul
557 2247 685 2296 praeda
709 2248 954 2285 amitteretur.

146 2307 335 2347 XXXIV.
363 2308 412 2346 At
435 2307 477 2347 L.
497 2307 619 2356 Sulla,
643 2320 718 2358 quo
742 2307 877 2347 urbem
905 2310 941 2348 δι
963 2306 1113 2347 Italiam
1135 2308 1208 2348 suae
1232 2307 1367 2350 faffiffi

95 2473 129 2500 1
138 2418 443 2509 ςγέἶῖἑῐᾹΙέΛίΙΞυτ.
467 2421 583 2455 Front.
607 2421 1030 2467 §XXX111.Liv.Epit.
1055 2423 1202 2469 Appian.
1228 2424 1323 2460 civil
1341 2428 1368 2467 ἶ,
