1638 2937
274 187 354 234 IN
404 184 1137 239 LOC.L1B.XC111L1V.
1272 205 1359 256 353

78 292 131 332 ad
159 294 341 333 tuendam
360 292 591 344 Bithyniam.
617 292 765 333 Bellum
793 293 955 333 Lucullo
984 298 1137 345 evenit;
1163 297 1283 338 Cottae
1306 300 1368 339 Bi.

79 355 242 405 thynia:
270 369 502 406 quamquam
530 369 550 394 a
584 356 775 406 principio
809 357 896 394 anni
929 356 1012 395 aliae
1048 359 1265 400 consulibus
1298 362 1367 400 de..

80 425 191 454 cretae
223 418 427 465 provinciae
462 416 621 454 fuerant.
663 417 737 455 Sed
765 417 966 464 Lucullus,
1000 418 1102 457 haud
1130 433 1303 470 magnam
1327 423 1368 462 in

81 475 275 525 Cisalpina
311 475 433 515 Gallia
467 476 666 514 materiam
693 477 818 527 gloriae
845 477 1022 528 sperans,
1049 481 1261 529 cupiditate
1286 484 1372 522 Mia-

81 536 281 575 thridatici
308 536 396 575 belli
433 536 625 586 flagrabat.
666 537 784 587 Igitur
813 539 944 577 audita
971 548 1093 578 morte
1125 540 1165 589 L.
1197 542 1369 593 Octavii,

81 598 148 646 qui
166 596 308 636 Ciliciae
334 597 554 646 praefuerat,
575 609 663 635 cum
682 598 719 637 P.
735 599 905 650 Cethego
919 631 929 645 ‚
944 602 1054 649 cujus
1073 610 1154 640 tum
1179 603 1229 641 ob
1247 605 1368 643 maxi-

81 673 164 698 mas
197 661 236 698 in
263 659 392 698 senatu
420 673 512 710 opes
549 661 805 710 patrocinium
833 675 854 700 a
876 662 1064 713 plerisque
1094 666 1369 714 expetebatur,

81 734 129 760 ex
155 723 344 760 acerrimis
374 722 627 760 fimultatibus
652 722 776 761 subito
803 724 840 761 in
866 725 1025 774 gratiam
1056 727 1186 775 rediit,
1220 738 1261 766 ut
1281 741 1369 778 pro-

83 783 251 821 vinciam
285 782 456 822 Ciliciam
490 783 769 833 adipisceretur.
807 799 923 835 quam
954 787 1019 825 ubi
1044 790 1175 827 naetus
1201 789 1273 838 est,
1303 804 1373 829 ne-

83 857 149 882 mo
177 844 397 891 dubitabat,
427 846 522 895 quin
549 844 606 883 illi
635 847 960 887 committendum
991 849 1037 888 be
1041 848 1137 890 llum
1162 851 1370 893 Mithrida

83 907 207 944 ticum
235 906 344 945 foret.
1185 944 1187 947 ,

140 967 265 1007 XVII.
296 967 465 1007 Decretae
489 967 576 1007 sunt
601 967 659 1007 illi
685 968 875 1020 legiones,
895 985 977 1022 quae
1002 975 1080 1022 jam
1103 984 1210 1015 erant
1231 977 1273 1016 in
1291 978 1373 1017 Afia

87 1042 278 1081 quatuor3
321 1032 492 1080 quintam
525 1041 567 1069 ut
601 1032 641 1070 in
676 1032 786 1072 Italia
825 1035 1109 1086 conscriberet,
1137 1039 1378 1089 permistum.-

85 1091 229 1131 Contra
252 1092 458 1139 piratarum
482 1092 682 1131 audaciam
707 1094 764 1133 M.
786 1095 956 1134 Antonio
980 1101 1153 1147 praetori‚
1176 1101 1231 1140 M.
1260 1101 1375 1140 Cotta

85 1151 266 1198 consule,
291 1154 325 1188 &
344 1154 459 1199 patris
482 1153 534 1192 M.
555 1156 709 1193 Antonii
733 1157 917 1195 memoria
938 1156 1188 1206 suffragante,
1209 1161 1274 1208 qui
1293 1159 1376 1199 bel-

83 1211 167 1251 lum
197 1212 236 1265 in
264 1210 400 1251 Cilicia
425 1211 589 1250 feliciter
618 1212 972 1262 administraverat,
1002 1217 1039 1256 P.
1065 1218 1225 1269 Cethegi
1254 1221 1372 1261 factio

85 1276 206 1314 totius
235 1288 309 1313 orae
330 1275 549 1321 maritimae‚
583 1289 655 1325 qua
687 1276 849 1314 Romani
879 1280 1010 1329 populi
1037 1283 1096 1328 jus
1123 1282 1239 1330 esset,
1265 1297 1379 1324 cura.

83 1337 232 1376 tionem
261 1349 351 1375 cum
383 1336 535 1375 infinito
567 1337 727 1386 imperio
754 1338 887 1378 dedit:
918 1341 1029 1390 quale
1058 1343 1183 1392 postea
1209 1346 1370 1395 piratico

84 1395 191 1436 bello
223 1397 292 1436 Cn.
323 1398 524 1447 pompejus
549 1400 712 1448 adeptus
742 1401 805 1439 est.
845 1400 931 1448 jam
964 1404 1208 1446 Mithridates
1243 1409 1370 1457 primo

84 1470 174 1497 vere
210 1460 295 1507 Jovi
330 1460 576 1510 Bellipotenti
618 1461 845 1501 sacrificium
888 1474 1009 1514 patrio
1052 1479 1158 1506 more
1189 1468 1371 1520 fecerat3

89 1521 252 1568 deinde,
284 1534 360 1570 quo
392 1533 565 1573 tempore
596 1525 762 1573 primum
797 1538 896 1564 nova
932 1526 1066 1566 classis·
1090 1530 1128 1567 in
1158 1543 1261 1570 mare
1301 1534 1373 1571 de-

86 1582 202 1620 ducta
235 1582 310 1630 est,
339 1583 523 1634 Neptuno
554 1587 754 1637 quadrigas
787 1587 892 1627 albas
920 1589 1208 1641 immolaverat,
1234 1605 1373 1644 corpo.

87 1644 193 1683 tibus
216 1645 411 1693 profundo
434 1647 573 1686 mersis.

143 1706 288 1745 XVIII.
325 1707 394 1746 His
425 1708 672 1758 religionibus
695 1719 823 1760 coepto
859 1709 961 1751 bello
977 1714 1254 1765 Diophantus
1282 1730 1370 1768 pur

86 1776 245 1819 puratus
263 1781 351 1807 cum
369 1771 538 1810 exercitu
561 1771 601 1810 in
619 1771 906 1821 Cappadociam
932 1784 1010 1813 erat
1031 1778 1255 1827 praemissus,
1278 1792 1372 1829 prae

87 1826 192 1871 fidiis
215 1831 428 1871 firmaturus
458 1833 593 1881 urbes,
629 1837 663 1873 ἃ
696 1836 850 1875 obviam
883 1838 1004 1877 iturus
1041 1839 1232 1888 Lucullo
1267 1842 1295 1881 fi
1323 1843 1374 1882 ad

88 1891 253 1931 Pontum
272 1892 481 1932 accederet.
511 1893 663 1933 Ceteras
687 1896 839 1944 copias,
857 1907 1013 1937 centum
1036 1901 1071 1938 ἅ
1093 1902 1372 1953 quinquaginta

89 1952 209 1993 millia
235 1954 433 2004 peditum,
451 1956 623 2005 equitum
651 1956 883 2006 duodecim,
913 1973 978 2001 rex
1005 1961 1085 2011 ipse
1103 1975 1170 2012 per
1194 1963 1373 2003 Timoni-

90 2011 213 2054 tidem
242 2014 537 2068 (Paphlagoniae
560 2030 603 2056 ea
629 2019 733 2067 regio
758 2020 842 2073 est)
876 2020 1141 2073 Galatiamque
1168 2038 1271 2064 nono
1309 2027 1373 2065 die

91 2076 133 2115 in
158 2074 373 2126 Bithyniam
405 2079 528 2117 duxit.
558 2077 636 2117 Sub
662 2080 703 2117 id
731 2088 885 2130 tempus
912 2083 1096 2122 Heraclea
1119 2083 1178 2125 his
1202 2087 1249 2124 de
1278 2100 1373 2126 cau-

90 2136 137 2175 fis
163 2136 414 2176 Mithridatici
435 2139 528 2188 juris
551 2139 652 2178 fad‘ta
668 2139 730 2178 est.
757 2140 886 2180 Claffis
910 2144 1010 2193 regia
1035 2147 1349 2197 praeternavigans
1364 2177 1377 2196 ,

93 2211 183 2238 cum
208 2199 300 2238 urbe
332 2214 412 2240 non
451 2201 709 2252 reciperetur,
733 2202 852 2255 forum
877 2219 986 2244 rerum
1024 2208 1199 2245 venalium
1226 2210 1375 2261 praeberi

92 2272 144 2310 po
151 2259 307 2299 stulavit.

148 2320 262 2360 XIX.
289 2322 340 2361 Ea
363 2335 402 2361 re
426 2324 654 2374 impetrata,
678 2338 791 2375 cum,
819 2336 861 2366 ut
886 2327 954 2376 fit,
980 2328 1045 2367 ubi
1073 2328 1199 2369 nullus
1226 2328 1370 2371 hostilis

146 2438 167 2481 ς
192 2438 286 2470 XVI.
314 2440 387 2471 Cic.
411 2451 472 2483 pro
505 2441 650 2475 Muraen.
681 2455 708 2475 c.
737 2456 784 2480 ις
815 2445 902 2478 Plut.
931 2446 964 2477 in
990 2445 1122 2479 Lucull.
1145 2459 1172 2479 c.
1191 2458 1224 2490 9
1246 2448 1378 2484 Sallust,

101 2481 460 2527 Appian.Ascon.1n
487 2486 584 2518 Verr.
608 2500 639 2528 4.
668 2488 774 2533 §XV
783 2488 843 2524 Ill..
874 2489 1013 2525 Ptolem.
1043 2491 1087 2522 Ρ.
1084 2502 1131 2523 u.t
1155 2493 1331 2528 Memnon

164 2539 213 2587 T.
240 2540 333 2589 Liv
359 2543 453 2589 Vol.
482 2543 571 2590 IX.
1082 2546 1119 2591 Z
