1638 2937
249 170 328 219 IN
368 167 538 215 LOC.
578 166 714 212 L'IB.
774 164 939 229 LXXH
999 165 1135 210 LIV.
1341 177 1360 222 5

46 272 128 317 *ris
161 277 343 317 Adriatici
379 276 499 316 sinum
530 274 712 313 intimum
746 271 962 322 porrigitur.
1014 269 1198 310 Consules
1235 269 1276 309 hi
1311 270 1362 319 Q.

77 337 340 388 Pompaedium
357 335 527 386 Silonem
544 365 554 383 ,
581 333 622 373 C.
645 332 837 382 Aponium
866 329 1052 370 Mutilum
1077 328 1260 379 legerant.
1292 341 1362 378 pro

77 400 229 450 Aponio
254 401 409 451 quidam
439 399 594 451 Papium
616 396 829 434 nominant.
861 395 1066 440 Praetores,
1094 405 1115 430 e
1138 391 1368 431 Marrucinis

78 462 242 501 Herium
268 462 464 507 Asinium,
490 472 511 497 e
543 457 675 499 Marus
699 457 742 496 C.
767 456 940 494 Vettium
965 454 1176 501 Catonem
1199 465 1221 491 e
1250 452 1373 492 Luca-

33 549 37 551 >
76 523 138 560 nis
165 523 219 562 Μ.
249 521 532 572 Lamponium‚
564 519 624 559 Ti.
648 517 843 568 Cleptium
865 518 1025 567 reperio

132 592 203 631 IX.
242 591 474 633 Habuerunt
509 592 544 629 δε
568 589 758 628 Samnites
785 587 954 627 Marium
980 586 1187 637 Egnatium
1215 586 1251 624 δε
1275 583 1368 624 Tre-

80 653 251 702 batium,
297 657 332 694 ὁὶ
363 654 542 693 Pontium
571 650 802 691 Telesinum.
826 650 915 690 Sed
948 649 990 689 C.
1024 647 1259 696 Judacilium
1294 647 1371 685 five

77 716 217 766 Apuli,
235 716 307 755 sive
332 715 502 761 Picentes
517 744 527 761 ‚
545 716 782 763 (utrumque
812 712 915 750 enim
937 710 1118 750 traditum
1146 709 1225 757 est)
1245 709 1281 765 §c
1302 707 1370 747 Pe-

78 776 172 828 ligni
199 778 238 816 A.
261 776 495 817 Cluentium.
536 776 670 815 Praeter
689 774 759 812 hos
787 773 875 812 clari
893 772 1085 811 sociorum
1113 771 1256 817 duces,
1286 781 1369 807 non

14 879 16 881 ,
80 840 256 888 adjecto,
275 852 438 889 quorum
457 837 613 889 quisque
632 835 866 887 populorum
882 834 1023 881 fuerit,
1048 833 1296 871 nominantur
1316 833 1365 871 T.

78 902 280 950 Afranius,
307 903 343 942 P.
370 902 592 947 Ventidius,
617 901 657 939 C.
686 899 906 944 Pontidius,
944 898 979 937 P.
1008 897 1280 945 Praesentejus,
1299 896 1369 936 Ti-

76 970 141 1001 -tus
172 962 400 1003 Herennius.
428 971 606 1014 praeterea
633 961 832 1010 ,Iuventius
853 959 1010 1010 qnidam
1036 962 1072 999 ὃς
1101 959 1303 1007 Officium,
1333 960 1372 998 Sc

80 1023 284 1074 Capuanus
304 1025 433 1064 Gutta.
459 1038 624 1075 quorum
651 1024 716 1063 alii
740 1024 863 1064 statim
886 1023 932 1062 ab
955 1023 1068 1061 initio
1086 1030 1263 1073 praetores
1279 1021 1369 1059 sunt

77 1084 222 1123 ‘crearit
245 1092 391 1124 ceteros
413 1085 475 1124 vel
499 1088 538 1124 in
564 1085 789 1125 abeuntium
819 1085 951 1124 locum
978 1085 1101 1124 fat-“tos
1117 1116 1127 1133 ,
1154 1083 1214 1122 vel
1240 1084 1279 1121 in
1306 1095 1372 1121 oc-

79 1144 242 1184 cisorum
268 1145 445 1187 suffectos
464 1147 725 1198 intelligimus.
750 1147 828 1187 Sub
857 1147 996 1186 horum
1022 1146 1183 1196 imperio
1211 1145 1370 1184 urbium

79 1207 279 1258 insignium
300 1209 469 1259 praefecti
492 1209 623 1259 multi,
642 1222 731 1248 cum
756 1209 823 1248 suo
849 1208 1005 1259 quisque
1029 1209 1226 1260 praesidio,
1244 1216 1365 1247 eraut.

82 1269 206 1320 Igitur
243 1277 375 1310 contra
409 1270 483 1310 hos
509 1280 589 1311 tam
623 1273 766 1322 peritos
796 1271 940 1310 militiae
981 1273 1016 1311 8.-
1052 1271 1238 1321 impigros
1268 1270 1371 1309 viros

81 1343 170 1370 cum
200 1333 352 1372 instaret
389 1334 607 1382 dimicatio,
643 1333 846 1384 diligenter
883 1340 1086 1379 curatum,
1119 1340 1162 1370 ut
1187 1331 1251 1382 qui
1285 1340 1370 1371 tum

81 1404 211 1444 erant,
236 1396 378 1447 quique
401 1399 530 1448 postea
558 1398 663 1438 fasti
674 1397 783 1446 sunt,
806 1394 1028 1435 consulibus
1056 1407 1170 1445 quam
1193 1393 1371 1469 praestan-a

78 1457 209 1496 tiihmi
238 1457 353 1509 legati
380 1456 627 1499 adderentur.

132 1529 184 1568 X.
213 1529 291 1568 Sed
315 1537 399 1569 tum
422 1531 579 1581 quidem
607 1529 755 1571 Rutilio
779 1530 849 1569 Cn.
879 1516 1108 1579 pompejus,
1132 1526 1269 1578 Magni
1301 1539 1368 1576 pa-

75 1595 157 1638 ter,
182 1591 231 1642 Q
261 1591 414 1642 Caepio,
446 1593 487 1632 C.
513 1594 698 1644 Perperna
714 1623 724 1640 ,
750 1593 790 1632 C.
815 1592 987 1639 Marius,
1016 1590 1188 1631 Valerius
1214 1588 1370 1630 Meffal-

76 1652 139 1700 la,
167 1653 428 1703 proconsulari
459 1668 594 1694 omnes
627 1655 835 1705 potestate,
862 1655 1055 1704 adjutores
1090 1654 1197 1693 dati:
1229 1652 1370 1693 Caesari'

77 1715 118 1754 P.
144 1714 326 1754 Lentulus
354 1717 468 1756 frater
498 1716 667 1756 consulis
696 1716 888 1764 uterinus,
925 1716 970 1755 T.
998 1715 1161 1762 Didius,
1197 1715 1234 1754 P.
1266 1715 1371 1753 Lici-

78 1778 163 1815 nius
185 1778 357 1827 Craffus,
387 1779 427 1819 L.
454 1779 654 1820 Cornelius
681 1778 812 1827 Sulla,
840 1778 896 1818 Μ.
925 1776 1150 1831 Marcellus.
1185 1777 1370 1817 Praeterea.

79 1838 138 1880 M.
161 1839 376 1888 Cornutus,
402 1841 444 1881 L.
475 1841 619 1889 Cinna,
650 1842 699 1891 Q.
730 1839 914 1886 Catulus,
944 1841 996 1890 Ω.
1025 1837 1232 1886 Metellus,
1260 1839 1372 1877 itern-=

78 1911 154 1948 que
177 1899 215 1938 P.
242 1899 459 1953 Sulpicius,
489 1904 523 1941 Sc
540 1901 596 1941 M.
615 1902 805 1941 Antonius
827 1900 944 1950 legati
967 1899 1070 1939 bello
1087 1899 1250 1940 Marfico
1276 1899 1370 1938 fuis-

76 1958 115 1997 se
142 1969 415 1999 memorantur.
454 1961 495 2001 L.
523 1961 752 2011 Calpurnius
779 1961 819 2001 L.
846 1961 885 2000 F.
911 1960 996 2000 Piso
1031 1962 1146 2000 armis
1178 1961 1372 1999 faciendis
1434 1978 1438 1982 ·

22 2057 37 2070 ᾗ
78 2022 279 2073 praefefftus
313 2024 377 2063 est.
409 2025 484 2064 Sed
519 2025 652 2065 Italici·
676 2025 833 2076 populi.
861 2023 1078 2075 priusquam
1105 2024 1251 2063 bellum
1278 2025 1374 2063 inci-

77 2090 237 2134 petent,
271 2085 417 2137 legatos
440 2088 481 2127 in
509 2088 644 2128 urbem
671 2088 864 2128 miserunt.
905 2087 1072 2133 Eorum,
1093 2098 1225 2136 preces
1253 2093 1372 2136 atque

79 2145 201 2185 minas
229 2148 280 2186 ita
303 2148 572 2197 miscentium,
598 2158 641 2188 ut
663 2148 780 2189 malle
798 2161 960 2198 pacem,
982 2147 1069 2197 plus
1092 2145 1286 2185 confidere
1312 2158 1371 2184 ar-

76 2205 148 2244 mis
174 2206 415 2259 viderentur,
435 2208 528 2249 'talis
556 2205 678 2250 ferme
713 2210 833 2249 oratio
873 2209 960 2247 fuit.
1004 2207 1091 2261 Qui‘
1105 2209 1242 2259 fimus,
1273 2208 1366 2248 unde

129 2338 258 2383 §Vm
283 2339 411 2373 Memn.
435 2349 488 2385 ap.
509 2341 609 2374 Phor.
630 2340 706 2385 App
709 2341 777 2373 ian.
804 2340 950 2374 Diodor.
973 2340 1049 2374 Liv.
1072 2331 1121 2383 ΕΡ
1125 2341 1164 2373 it.
1190 2339 1307 2372 Senec.
1331 2338 1377 2372 de

83 2384 225 2417 benefic.
249 2386 338 2417 Flor.
361 2385 463 2418 Oros.
484 2386 638 2419 Macrob.
663 2387 833 2418 saturnal.
858 2397 886 2426 1,
903 2397 934 2417 2.
953 2385 1076 2429 Vellej.
1103 2386 1245 2428 Eutrop.
1267 2383 1373 2427 §IX

88 2429 162 2461 Cic.
191 2441 255 2472 pro
281 2430 415 2475 Fontej.
451 2442 480 2464 c.
513 2441 567 2473 15
595 2431 631 2464 ὅ(
658 2431 693 2463 in
721 2430 814 2464 Brut.
850 2441 880 2465 c.
905 2430 959 2476 89.
989 2430 1133 2463 Diodor.
1163 2441 1218 2474 ap.
1256 2427 1375 2465 vales.

80 2474 231 2517 Appian.
