1638 2937
292 160 383 223 316
456 159 547 206 JO.
594 158 1099 207 FREINSHEMII
1132 162 1480 212 SUPPLEM:

289 276 380 304 nem
409 265 662 314 acceffimus,
702 267 806 317 quod
836 266 898 307 illa
927 268 1148 318 tempestate
1178 268 1291 321 longe
1315 271 1576 322 gravissimum

286 327 384 375 fuit,
416 340 496 366 rem
525 327 642 378 paulo
674 327 783 378 supra
811 330 955 379 repeti,
989 331 1037 368 ad
1065 330 1211 378 multa,
1234 344 1316 382 quae
1339 332 1434 373 scire
1456 333 1579 374 ieeu-

287 401 350 429 ros
375 390 512 438 refert,
532 390 733 442 profuerit.
759 390 959 441 Postquam
981 392 1147 442 primum
1170 393 1358 443 Scipionis
1387 394 1573 434 deficien-

289 460 329 492 te
357 454 553 502 exercitu,
579 454 765 494 Sertorius
791 454 830 493 in
857 455 1078 505 Hispaniam
1109 456 1302 503 abiverat‚
1330 466 1411 496 tum
1445 452 1576 498 admiss

287 515 434 554 ratione
451 516 648 554 virtutis&
670 516 881 564 industdae,
900 528 983 555 tum
1007 516 1208 556 ambitioso
1222 530 1266 557 ac
1288 518 1364 557 leni
1386 519 1576 569 imperio,

286 575 579 625 provincialium
601 576 732 624 fimul,
751 577 970 628 civiumque
992 578 1285 625 Romanorum,
1311 579 1376 629 qui
1405 579 1498 620 locis
1530 578 1577 618 il:

288 636 333 675 lis
363 637 635 684 consederant,
658 638 710 676 ita
741 638 964 678 conciliavit
985 633 1157 686 animos,
1184 649 1226 678 ut
1252 641 1368 690 paulo
1392 641 1473 691 post
1494 654 1574 681 ma-

287 712 364 749 gno
394 700 561 739 exercitu
588 701 746 747 coacto,
783 701 825 739 C.
852 701 979 739 Annio
1003 700 1112 740 miffu
1147 700 1257 742 Sullae
1282 702 1321 740 in
1347 702 1574 752 Hispaniam

286 763 417 808 eunti,
446 761 508 800 sex
539 761 661 800 millia
688 771 918 801 armatorum
950 762 1048 801 duce
1075 763 1179 802 Livio
1209 762 1419 804 Salinatore
1445 777 1574 814 oppo-

286 835 376 862 nere
399 824 589 873 potuerit,
626 824 717 874 qui,
750 825 947 875 occupatis
973 825 1138 876 Pyrenaei
1160 825 1359 877 angustiis,
1397 824 1573 866 Sullanos

286 885 392 924 aditu
419 894 602 927 arcerent.

344 946 476 987 XXII.
506 947 582 986 Sed
612 947 861 987 obtruncatus
887 960 908 987 a
934 946 1140 998 Calpurnio
1167 948 1329 991 Lanario
1357 947 1572 996 Salinator,

285 1019 401 1056 quem
436 1006 654 1047 fidiffimum
675 1010 886 1050 amicorum
911 1009 1152 1058 crediderat,
1177 1009 1220 1050 C.
1248 1011 1419 1049 Annium
1443 1010 1569 1049 subito

283 1069 437 1108 immisit
468 1072 825 1120 necopinantibus:
857 1071 960 1110 unde
989 1072 1175 1112 Sertorius
1208 1085 1297 1112 cum
1331 1072 1453 1112 tribus
1493 1072 1573 1113 ho-

282 1131 431 1171 minum
462 1132 630 1173 millibus
662 1133 931 1184 Carthaginem
962 1147 1125 1182 novam,
1157 1137 1193 1175 &
1221 1135 1313 1174 inde
1342 1135 1502 1175 navibus
1526 1135 1568 1175 in

281 1194 519 1235 Mauritaniae
539 1195 629 1235 litus
652 1197 829 1246 perfugit.
850 1197 924 1236 Sed
945 1195 1073 1235 multis
1098 1195 1281 1236 militibus
1304 1196 1402 1234 inter
1426 1208 1566 1246 aquan-

282 1254 376 1293 dum
404 1254 524 1295 subita
553 1256 799 1297 barbarorum
820 1259 1032 1308 irruptione
1056 1258 1196 1298 amiffis
1213 1287 1224 1305 ,
1265 1265 1365 1298 retro
1392 1257 1474 1297 vela
1510 1258 1569 1297 fe-

282 1318 362 1356 cit:
393 1317 607 1369 iterumque
641 1320 835 1371 repulsus,
876 1320 997 1361 ascitis
1029 1320 1237 1371 piratarum
1267 1319 1430 1359 Cilicum
1456 1332 1568 1370 paro-

281 1378 419 1427 nibus,
455 1382 667 1430 praefidium
695 1383 809 1422 Annii
843 1384 885 1422 in
912 1383 1060 1434 Pityusa
1090 1382 1211 1422 insula
1235 1374 1460 1433 improvisus
1493 1396 1570 1432 op·-

282 1441 421 1490 pressit.
457 1444 533 1483 Sed
553 1444 680 1483 Annio
710 1457 890 1496 magnam
918 1445 1089 1492 classem,
1117 1457 1205 1483 cum
1233 1457 1306 1484 una
1329 1444 1479 1495 legione
1502 1445 1568 1485 ad-

281 1502 472 1552 ducente,
502 1505 638 1556 proelio
662 1506 788 1546 navali
817 1520 950 1557 parum
984 1506 1164 1557 prospero
1185 1506 1293 1554 usus,
1322 1506 1426 1556 quod
1450 1519 1566 1545 naves

279 1562 383 1603 illius
411 1564 512 1605 leves
537 1580 748 1618 parumque
781 1568 934 1615 firmas,
960 1576 1064 1607 ortus
1094 1567 1195 1607 forte
1221 1575 1356 1607 ventus
1395 1567 1563 1615 disjece-

278 1634 363 1675 rat,
394 1628 476 1677 post
503 1628 666 1680 longum
697 1633 733 1670 &
769 1643 894 1670 acrem
926 1630 1113 1681 naufragii
1150 1637 1321 1677 metum,
1362 1627 1479 1679 paulo
1501 1627 1565 1667 su-

276 1700 343 1738 pra
370 1689 480 1729 Baetis
507 1694 628 1731 amnis
650 1693 744 1732 ostia
765 1694 964 1744 applicuit.

333 1751 484 1791 XXIII.
515 1754 592 1793 Sub
619 1755 721 1794 idem
748 1764 899 1806 tempus
920 1765 1043 1795 nautae
1066 1767 1199 1794 recens
1218 1766 1263 1793 ex
1286 1751 1415 1791 insulis
1438 1750 1567 1792 Atlan-

278 1810 363 1850 ticis
389 1813 523 1852 revecti
546 1814 729 1854 miracula
750 1816 976 1855 narrabant:
1001 1818 1093 1853 duas
1123 1816 1172 1853 ibi
1191 1814 1326 1868 insulas
1346 1813 1563 1866 propinquas

279 1873 369 1911 inter
389 1873 452 1925 fi,
486 1876 521 1914 G·
553 1877 663 1915 decem
700 1876 855 1915 millibus
876 1879 1005 1930 stadiis
1035 1877 1160 1929 procul
1197 1891 1220 1913 a
1256 1877 1416 1915 Gadibus
1441 1877 1535 1925 fitas
1549 1903 1567 1922 ‚s

271 1937 397 1989 suopte
420 1937 560 1989 ingenio
596 1939 763 1976 alimenta
793 1939 996 1976 mortalibus
1029 1939 1175 1989 gignere.
1218 1937 1334 1987 Igitur
1362 1937 1562 1974 fortunam

277 1998 537 2039 vocabantur:
554 2001 602 2049 ¹&
631 1999 699 2040 has
725 1998 949 2039 intellexisse
965 2000 1178 2039 Homerum
1206 2000 1325 2038 etiam
1348 1997 1450 2048 apud
1477 1997 1561 2036 bar-

281 2057 391 2098 baros
416 2059 640 2110 obtinebat,
665 2074 754 2100 cum
787 2062 931 2113 Elysios
947 2076 1105 2115 campos,
1120 2062 1282 2113 sedefique
1301 2063 1472 2099 beatorum
1492 2060 1557 2098 de-

274 2119 467 2163 scriberet.
489 2123 625 2164 Earum
646 2124 742 2173 esse,
757 2138 839 2175 quae
863 2125 980 2164 hodie
992 2126 1148 2165 Canariae
1172 2132 1379 2170 vocantur,
1402 2135 1448 2161 ex
1476 2135 1561 2161 mo-

278 2183 329 2222 do
358 2185 632 2234 navigationis,
667 2189 702 2226 ἅ
730 2186 986 2238 descriptione
1013 2187 1214 2232 locorum,
1244 2187 1279 2225 Sc
1309 2197 1392 2234 quae
1422 2183 1469 2222 de
1499 2181 1562 2221 his

277 2245 381 2292 apud
406 2244 567 2285 Plinium
583 2277 592 2295 ‚
609 2249 762 2286 auctore
783 2247 883 2295 Juba
905 2260 1015 2298 rege,
1043 2254 1237 2286 narrantur
1252 2276 1262 2294 ‚
1278 2244 1561 2296 propemodum

277 2304 432 2345 constat.
455 2306 523 2346 His
548 2307 662 2358 igitur
682 2307 903 2357 intellectis,
921 2309 1081 2348 traditur
1098 2309 1210 2349 taedio
1224 2306 1464 2358 praesentium
1479 2305 1561 2345 Ser-

277 2423 356 2501 R§fi
366 2423 455 2457 XXI.
477 2425 565 2459 Plut.
590 2426 625 2459 in
652 2427 779 2460 Sertor.
802 2438 831 2459 e.
854 2438 884 2471 9.
918 2426 954 2459 L.
971 2426 1102 2470 Ampel.
1134 2425 1156 2470 §
1180 2424 1290 2459 xxu.
1311 2424 1454 2459 Hieron.
1477 2422 1557 2456 adv-

311 2478 330 2498 η
357 2479 392 2501 n.
