1638 2937
213 181 293 230 1N
329 178 687 227 LOC.L113.
739 175 918 223 LXXX
966 178 1119 224 ων.
1256 176 1352 239 169·

68 292 173 331 hanc
198 289 294 340 saepe
324 288 551 339 repetitam,
581 284 758 323 moriatur.
794 283 914 334 Igitur
938 282 1105 322 inclusus
1138 283 1223 322 loco
1240 315 1252 331 ,
1278 285 1349 335 qui

65 363 193 401 nuper
216 350 320 390 calce
355 350 478 389 fuerat
507 345 649 385 oblitus
664 376 676 395 ,
716 344 882 384 multum
912 344 1044 382 inferri
1064 344 1194 393 ignem
1215 344 1350 393 jullit;

64 421 189 463 'atque
212 413 266 452 ita
293 411 478 452 suffocato
500 408 630 460 spiritu
645 439 655 453 ‚
673 406 874 445 exstinctus
898 405 962 444 est.
981 406 1084 445 Inter
1104 404 1185 443 haec
1215 405 1353 443 miser-

67 482 133 514 tus
159 475 291 524 patriae
317 475 351 513 Sc
377 472 517 510 civium
547 472 592 520 Q
625 469 836 515 Sertorius,
864 468 926 517 qui
956 466 1056 505 folus
1084 466 1182 504 inter
1205 476 1351 504 cetero-

67 548 155 575 rum
185 537 352 575 furorem
385 531 719 574 omn-inialefieio
749 529 964 570 abstinuisse
996 529 1141 576 fertur,
1170 529 1352 567 damnata

67 600 186 642 Marii
212 589 372 646 saevitia,
403 596 577 648 privatim
601 593 809 645 appellavit
832 593 1021 638 Cinnam,
1057 593 1093 632 &
1114 589 1352 630 miseriarum

65 658 176 697 -urbis
205 656 410 708 postulavit
436 656 621 695 modum:
646 653 845 704 servosque
869 654 1088 700 Marianos,
1114 663 1201 690 cum
1220 663 1241 688 a
1262 650 1354 688 Cin-

67 733 119 760 na
152 719 285 770 saepius
319 718 512 764 cohibiti,
546 716 641 755 nihil
679 716 728 755 de
762 716 966 755 sceleribus
995 715 1255 760 remitterent,
1283 723 1355 749 ac-

65 778 188 829 ceptis
215 778 262 818 ab
283 792 329 818 eo
357 778 555 818 Gallorum
585 776 735 816 auxiliis
754 807 764 824 ,
790 776 929 814 eodem
957 775 1044 813 loco
1071 774 1186 813 castra
1208 772 1356 811 haben-

64 849 122 880 tes
144 843 259 880 noctu
284 840 563 888 circumdedit,
589 842 624 878 &
650 840 699 877 ad
725 851 842 877 unum
866 850 1024 885 omnes,
1044 835 1247 875 hominum
1274 847 1355 872 nori

64 905 193 944 minus
216 906 303 944 osto
337 903 481 950 millia,
507 901 659 941 delevit.

120 966 257 1006 XLVI.
290 965 352 1004 Sic
378 977 479 1002 anno
511 962 746 1012 magistratus
774 964 907 1002 exasto
924 992 936 1010 ‚
965 962 1088 1001 Cinna
1111 959 1285 1000 consules
1309 959 1352 998 in

65 1042 212 1069 annum
243 1027 492 1077 sequentem,
517 1024 555 1063 se
581 1025 746 1074 iterum,
776 1025 818 1064 C.
848 1025 1017 1065 Marium
1043 1023 1268 1074 septimum,
1298 1022 1355 1059 ci-

65 1101 123 1130 tra
150 1089 228 1129 ulla
254 1088 414 1128 comitia
440 1087 696 1127 renuntiavit:
736 1086 814 1138 spei
845 1087 893 1126 de
919 1086 1064 1137 septem
1091 1081 1352 1123 consulatibus

67 1161 206 1191 eventu
231 1151 412 1199 meliore,
446 1162 563 1200 quam
594 1149 772 1199 sperandi
798 1148 909 1188 causa
932 1149 1069 1188 fuerat.
1104 1148 1231 1195 Hujus
1258 1144 1353 1185 anni

67 1213 169 1252 triste
197 1214 232 1253 ὁὶ
253 1213 385 1252 minax
407 1212 632 1259 exordium,
661 1222 786 1250 cetera
819 1210 935 1262 paulo
959 1210 1148 1261 quietiora
1173 1217 1350 1258 tempora

67 1283 314 1326 exceperunt.
343 1275 422 1315 Sed
456 1274 594 1314 eodem
620 1274 702 1323 die,
733 1287 808 1324 quo
834 1274 926 1312 novi
959 1271 1134 1311 consules
1160 1271 1351 1317 inierunt,

67 1350 159 1377 cum
191 1338 357 1376 maxime
379 1336 481 1377 sacra
510 1336 739 1386 istmaqspicio
770 1337 859 1377 anni
896 1338 931 1375 δε
964 1335 1248 1385 magistratuum
1285 1345 1352 1382 pa-

65 1402 140 1439 trio
163 1412 268 1439 more
290 1400 450 1448 fierent3
473 1399 516 1440 C.
536 1399 681 1439 Marius
699 1399 800 1439 filius
824 1399 1068 1438 tribunorum
1087 1396 1210 1447 plebis
1234 1408 1353 1445 quen-

67 1463 157 1501 dam
182 1462 245 1501 sua
270 1474 385 1501 manu
407 1462 578 1509 occidit,
605 1469 795 1512 caputque
817 1459 1037 1500 consulibus
1061 1458 1170 1497 misit.
1196 1456 1348 1496 duobus

65 1523 295 1574 praetoribus
318 1523 395 1573 igni
427 1525 461 1562 Sc
484 1536 582 1572 aqua
607 1523 856 1562 interdictum
882 1522 952 1561 est:
981 1522 1065 1561 Sex.
1095 1518 1264 1559 Licinius
1295 1516 1350 1555 se-

64 1594 176 1625 nator
201 1586 247 1624 de
272 1585 363 1625 saxo
388 1586 554 1635 Tarpeio
584 1584 752 1623 consulis
776 1584 890 1625 Marii
916 1582 1013 1633 juffu
1039 1582 1313 1632 praecipitatus.

120 1646 280 1686 XLVII.
310 1647 385 1686 Sed
408 1646 564 1685 efferam
585 1645 752 1685 hominis
781 1646 1063 1684 immanitatem
1086 1644 1178 1683 Idus
1203 1643 1347 1691 Janua-

66 1709 129 1748 riae
147 1708 340 1747 finierunt.
370 1706 583 1748 Laboribus
609 1710 645 1747 δε
669 1707 774 1747 senio
798 1706 1022 1746 exhaustum
1039 1735 1050 1752 ‚
1073 1704 1276 1755 praesertim
1295 1704 1351 1742 fa-

65 1784 130 1811 ma
158 1771 204 1809 de
217 1769 321 1810 Sulla
346 1768 564 1808 exterruiffe
583 1769 747 1817 dicitur,
778 1780 919 1818 quem,
947 1767 1056 1805 finito
1081 1764 1182 1804 bello
1193 1763 1350 1805 Mithri-

67 1834 225 1881 datico,
248 1832 372 1872 adeffe
388 1833 573 1872 victorem
588 1862 599 1880 ,
627 1833 661 1871 &
686 1831 904 1871 amissorum
923 1830 1117 1868 vindicem
1138 1829 1347 1868 audiverat.

66 1898 241 1947 adeoque
275 1895 350 1934 hoc
384 1896 434 1935 est
471 1896 688 1944 creditum,
730 1903 774 1933 ut
807 1907 829 1934 a
864 1892 1092 1945 quibusdam
1133 1891 1349 1932 voluntaria

66 1967 192 1999 morte
218 1958 386 1998 sublatus
409 1958 658 1997 existimetur.
696 1956 807 1996 Certe
831 1969 920 1994 cum
945 1956 1076 1995 amicis
1106 1956 1154 1994 de
1177 1954 1348 1993 adventu

67 2019 182 2061 Sullae
196 2050 207 2068 ‚
230 2021 353 2070 deque
375 2020 536 2059 fortunae
551 2018 806 2058 vicissitudine
822 2018 941 2057 multa
964 2017 1168 2057 disseruisse
1191 2017 1346 2056 dicitur:

68 2081 105 2120 &
118 2079 289 2130 negasse,
306 2082 475 2135 fizpientz's
496 2083 629 2128 videri,
652 2082 751 2120 toties
778 2093 920 2132 expertae
940 2080 1035 2118 illius
1060 2081 1290 2132 inconstantiae
1307 2077 1347 2129 fi

66 2145 275 2185 committere.
316 2145 418 2183 Hinc
443 2144 483 2182 in
509 2143 689 2182 morbum
712 2154 802 2187 cum
835 2141 1048 2188 incidisset,
1076 2143 1113 2180 Sc
1132 2152 1181 2179 ex
1207 2139 1345 2178 morbo

66 2206 109 2243 in
138 2203 312 2243 delirium
329 2235 340 2253 ,
368 2204 516 2243 summa
544 2205 747 2243 hominum
769 2203 902 2242 laetitia
926 2202 973 2240 ad
1001 2201 1165 2248 inferos,
1191 2215 1267 2251 quo
1290 2201 1345 2240 in-

66 2264 214 2304 finitam
236 2273 324 2304 ante
346 2265 383 2304 se
404 2266 626 2306 mortalium
651 2268 727 2306 vim
750 2265 1004 2316 praemiserat,
1025 2265 1232 2304 descendit.

126 2372 269 2416 SXLV.
295 2374 436 2406 Sueton.
460 2373 544 2405 Caes.
566 2386 595 2405 c
621 2385 650 2405 1.
672 2374 798 2416 Vellei.
820 2384 839 2405 2
853 2384 929 2415 ,43.
951 2373 1023 2406 Cic.
1047 2372 1147 2405 Tusc.
1170 2384 1211 2415 ql
1203 2371 1280 2405 aest
1306 2384 1337 2413 ς

68 2428 122 2457 19.
144 2418 177 2449 ὅτ.
198 2418 237 2449 de
260 2428 345 2450 orat.
367 2418 509 2450 Diodor.
526 2420 549 2450 1.
576 2418 628 2459 38.
653 2418 742 2450 Plut.
764 2419 796 2449 in
813 2419 940 2451 Sertor.
965 2430 993 2450 c.
1014 2428 1045 2456 7.
1060 2417 1143 2449 &in
1164 2417 1250 2450 Mar.
1267 2418 1336 2458 Ap·-

66 2463 158 2503 pian
190 2460 552 2505 Or01.Liv.Epit.§
578 2462 651 2494 XL
654 2463 717 2494 ΙΙΙ.
742 2463 813 2495 Cic.
835 2463 870 2496 in
891 2464 982 2497 Brut.
1006 2473 1034 2495 c.
1057 2472 1112 2505 90.
1135 2462 1213 2496 Liv.
1248 2463 1343 2506 Epit-

66 2505 209 2541 ffiiodcr.
228 2519 282 2553 ap.
298 2501 410 2543 Voles.
438 2508 564 2541 Auster
587 2507 627 2542 de
653 2508 728 2544 Vir.
750 2507 798 2542 ill.
