1638 2937
180 156 258 202 lN
301 153 471 199 LOC.
513 153 649 198 LIB.
696 151 982 197 LXXXVIII
1022 153 1160 199 LIV.
1244 152 1330 216 285

49 264 231 303 tatiorum
268 261 507 313 sepulcrum,
532 259 598 298 ubi
633 258 812 297 conditus
838 258 887 307 Q.
920 257 1079 298 Catulus
1106 268 1214 310 pater
1237 270 1335 309 erat,

47 327 297 366 laceraretur:
329 325 416 375 quia
440 323 481 363 L.
505 321 624 361 Caesar
648 322 697 360 ad
722 321 823 359 Varii
858 320 1007 359 bustum
1036 323 1182 362 occisus
1205 337 1225 362 a.
1253 325 1337 364 Ma-

47 387 160 426 rianis
188 387 323 426 fuerat.
357 387 504 436 Raptus
532 396 621 434 ergo
649 396 715 434 per
745 396 811 422 ora
834 382 938 433 vulgi
973 384 1116 423 marius
1144 395 1245 426 trans
1269 390 1337 429 Ti-

47 449 198 498 berim3
227 450 262 488 ἃ
290 449 408 497 virgis
443 447 540 485 inter
566 445 738 484 eundum
770 444 904 494 caesus,
934 445 1057 484 oculis
1086 449 1226 497 erutis,
1251 462 1335 499 per.

45 511 175 551 fractis
200 510 393 557 cruribus,
418 508 624 559 amputatis
649 507 848 556 manibus,
876 507 1024 547 exsecta
1047 507 1337 559 ling11a‚mem-

46 573 124 612 bris
144 573 326 614 omnibus
349 572 515 611 contusis
530 602 540 618 ‚
565 569 760 608 infelicem
785 568 958 620 spiritum
978 581 1045 619 per
1059 567 1229 609 summos
1250 583 1335 610 cru-

46 634 167 673 ciatus
203 634 386 673 reddidit.
429 633 488 673 Ad
524 632 600 670 hoc
628 641 705 670 tam
743 631 922 669 immane
947 630 1208 680 spectaculum
1245 644 1336 673 cum

45 695 145 735 forte
169 696 318 735 adstans
346 696 400 736 M.
434 695 628 735 Plaetorius
664 692 815 732 senator
844 692 1043 743 linquente
1077 693 1206 732 animo
1239 706 1339 733 con*-

46 758 223 806 cidiffet‚
255 758 362 797 illico
389 760 572 797 macftatus
599 757 662 795 est.

100 821 236 861 XXX.
267 821 419 861 Ibidem
452 821 568 860 etiam
596 819 805 870 Venulejus
833 818 1008 858 triumvir
1042 817 1166 868 periit.
1207 818 1334 869 Caput

43 883 112 923 sna
140 898 253 923 manu
285 884 502 930 desectum,
531 883 697 923 Catilina
720 896 787 933 per
814 882 947 920 urbem
972 882 1106 920 eadem
1135 894 1251 920 manu
1279 894 1336 921 re-

43 945 132 985 tulit
156 947 203 985 ad
230 945 387 986 Sullam.
419 947 508 985 Erat
533 946 635 983 enim
664 942 889 995 spectaculis
915 942 1105 992 ejusmodi
1129 942 1227 981 nihil
1249 942 1333 983 Sul-

43 1006 90 1045 3ae
112 1007 282 1047 suavius:
310 1010 344 1047 ἃ
361 1008 536 1046 omnium
553 1036 564 1055 ‚
592 1009 657 1056 qui
678 1006 821 1055 ubique
846 1014 953 1043 erant
978 1003 1115 1052 occifi,
1133 1004 1258 1054 capita
1282 1005 1333 1044 ad

43 1067 154 1107 illum
175 1068 316 1117 relata,
344 1082 412 1119 pro
438 1067 580 1108 Rostris
612 1066 926 1118 proponebantur
941 1095 951 1112 ‚
973 1064 1184 1114 eademque
1200 1066 1335 1105 omnia

40 1131 211 1181 pericula
231 1131 413 1170 creabant
435 1129 699 1177 intuentibUS‚
729 1141 812 1177 quae
840 1127 888 1166 de
913 1125 1201 1181 proscriptionis
1225 1126 1335 1166 tabu..

40 1191 78 1231 la
109 1201 315 1232 memorata
344 1192 442 1231 sunt.
480 1192 554 1232 Sed
572 1189 775 1230 Catilinam
805 1197 884 1227 tam
908 1199 1072 1237 gnavum
1095 1185 1168 1225 suae
1190 1186 1333 1226 severi-

41 1257 133 1294 tar'st
163 1258 199 1295 Sc
236 1255 459 1294 industrium
483 1251 711 1299 satellitem,
733 1250 872 1298 Gallis,
901 1261 1064 1298 quorum
1093 1248 1332 1298 potissimum

43 1309 250 1354 ministerio
287 1317 326 1354 in
351 1313 575 1353 occidendis
601 1311 822 1350 hominibus
857 1309 1061 1356 utebatur,
1092 1309 1271 1358 praefecit.
1310 1324 1331 1350 a

41 1378 180 1428 quibus
206 1378 261 1418 M.
278 1377 505 1416 Volumnius
522 1406 533 1424 ‚
557 1377 596 1416 L.
620 1375 844 1421 Tantafius‚
874 1373 1017 1423 aliique
1041 1371 1200 1410 illustres
1221 1373 1331 1423 equi-

40 1447 97 1477 tes
124 1439 286 1479 Romani
326 1438 412 1477 sunt
445 1436 635 1476 trucidati.
667 1436 765 1475 inter
792 1447 887 1485 quos
915 1434 965 1483 Q
991 1433 1189 1473 Caecilium
1226 1433 1329 1473 soro-

38 1501 88 1539 ris
114 1501 186 1541 suae
215 1502 339 1541 virum
358 1533 369 1551 ,
397 1502 463 1552 qui
498 1508 608 1539 aetate
640 1501 675 1539 Sc
706 1498 863 1548 ingenio
896 1497 1070 1547 quietus,
1105 1505 1328 1537 neutrarum

38 1565 207 1616 partium
233 1566 378 1613 fuerat,
416 1563 579 1603 Catilina
609 1561 682 1601 suis
712 1561 889 1600 manibus
918 1560 1073 1599 occidit.

95 1626 252 1667 XXXI.
268 1627 424 1666 Interim
448 1627 505 1666 M.
521 1626 638 1666 Marii
659 1632 776 1675 caput
793 1623 971 1663 Praeneste
989 1621 1163 1670 missum,
1188 1621 1326 1672 Cajum

41 1687 242 1727 consulem
279 1689 328 1728 ad
359 1689 537 1728 ultimam
573 1687 876 1739 desperationem
921 1685 1063 1735 adegit.
1115 1685 1213 1724 Nam
1258 1685 1324 1735 qui

39 1762 131 1790 cum
165 1764 210 1790 eo
239 1751 535 1801 obfidebantur‚
570 1751 768 1802 postquam
795 1748 958 1787 aliorum
986 1749 1129 1785 ducum
1161 1746 1325 1785 audivis.

36 1813 121 1853 fent
143 1814 362 1862 interitum,
397 1813 559 1853 aliorum
590 1813 656 1863 ipsi
688 1810 863 1851 vidiffent
900 1809 1052 1860 praefixa
1078 1808 1191 1847 hastis
1219 1809 1326 1858 capi-

36 1885 99 1925 ta,
124 1876 256 1927 perisse
279 1877 462 1917 Carbonis
487 1877 642 1928 copias,
682 1874 817 1926 fugiffe
844 1872 1070 1914 Norbanum
1086 1902 1097 1919 ‚
1124 1870 1257 1910 urbem
1283 1872 1324 1910 in

36 1939 225 1988 potestate
247 1939 360 1979 Sullae
391 1939 468 1979 effe·
495 1938 745 1989 cognoll‘ent3
786 1935 979 1986 oppidum
1006 1934 1185 1973 Lucretio
1214 1933 1325 1971 dedi-

37 2001 186 2039 derunt.
210 2001 354 2041 Marius
382 2014 449 2052 per
473 1999 698 2040 cuniculum
715 2029 725 2046 ‚
753 1997 883 2047 quales
906 1995 1087 2035 Praeneste
1122 1994 1230 2033 fuisse
1255 1994 1323 2036 ali-

36 2070 131 2111 quot
155 2061 361 2113 antiquitus
377 2092 388 2111 ,
419 2075 468 2101 ex
498 2061 685 2102 Strabone
710 2059 892 2098 discimus
908 2087 919 2104 ,
951 2065 1109 2095 conatus
1136 2057 1322 2104 evadere,

35 2123 237 2174 postquam
269 2124 420 2174 septum
453 2123 582 2162 hostili
608 2122 775 2161 exercitu
806 2120 950 2159 exitum
987 2118 1199 2165 intellexit,
1229 2130 1321 2158 cum

37 2186 186 2224 minore
205 2185 402 2233 Telesino,
432 2187 541 2235 ejus,
562 2186 627 2234 qui
653 2184 701 2222 ad
725 2189 875 2232 portam
901 2179 1092 2220 Collinam
1116 2179 1320 2226 occubuit,

32 2249 172 2296 fratre,
198 2248 286 2287 belli
315 2249 493 2299 fugaeque
521 2247 650 2295 socio,
681 2245 813 2285 strictis
843 2243 1074 2294 pugionibus
1101 2244 1316 2284 concurrit:

34 2324 161 2362 eoque
192 2310 417 2359 interfecto,
447 2309 527 2362 ipse
562 2309 694 2349 leviter
725 2308 970 2357 vulneratus,
1002 2305 1107 2345 servo
1135 2305 1201 2344 suo
1237 2317 1318 2344 cer.

83 2435 104 2478 S
129 2434 256 2467 XXIX.
277 2434 353 2466 Val.
372 2433 470 2468 Max.
490 2433 563 2467 Cic.
587 2433 627 2465 de
642 2431 742 2476 petit.
768 2429 873 2464 cons.
892 2441 920 2464 c.
943 2440 974 2476 3.
999 2429 1076 2463 Liv.
1104 2428 1194 2475 Epit
1211 2425 1315 2461 Oros.

34 2471 151 2515 Senec
179 2478 309 2514 Sallust
329 2478 419 2516 Plut.
