1638 2937
293 177 388 212 220
459 163 554 210 JO.
596 161 1093 219 FREINSHEMH
1134 165 1487 216 SUPPLEM.'

288 270 395 320 pias,
422 271 457 309 ἃ
483 283 675 309 annonam
707 270 878 320 undique
909 270 1219 321 contraliebant3
1252 274 1588 324 opulentiffimum

288 343 481 381 quemque
496 331 742 371 sollicitantes
760 362 771 379 ,
795 345 928 370 eorum
957 334 1126 372 maxime
1150 334 1406 384 populorum,
1431 336 1495 387 qui
1515 350 1588 376 nu..

285 404 356 442 per
372 393 501 444 adepti
525 395 586 442 jus
607 393 771 431 civitatis
792 392 977 431 Romanae
1000 392 1175 432 fuerant:
1206 394 1312 443 quod
1339 395 1478 433 illorum
1502 410 1588 434 cau,

279 453 328 505 sa
344 457 462 494 omnia
488 457 523 495 δ’
540 457 685 508 fhcere,
711 457 746 494 e>
769 456 850 505 pati
878 455 1060 494 dicerent.
1099 455 1262 496 Classem
1291 458 1406 496 etiam
1428 457 1591 497 instrue-

287 515 407 566 bant,
445 519 579 557 accitis
606 517 757 567 insuper
787 530 808 555 e
832 516 963 557 Sicilia
991 517 1179 566 navibus,
1214 531 1398 569 oramque
1424 532 1585 561 omnem

284 577 515 617 maritimam
538 578 832 617 custodiebant:
863 585 970 616 metu
997 580 1032 617 δε
1054 578 1290 628 cupiditate,
1310 579 1462 619 duobus
1486 579 1586 619 vali-

285 638 442 678 diffimis
469 640 654 687 stimulis,
679 640 777 679 nihil
803 640 852 680 ad
876 640 1155 681 exactissimam
1180 642 1247 681 dili
1251 643 1422 693 gentiam
1447 642 1584 694 reliqui

282 698 411 739 facere
438 702 681 752 cogentibus.

339 763 449 803 XIII.
479 764 624 815 Igitur,
642 765 885 815 quantumvis
908 764 947 803 in
973 765 1118 811 arbitrio
1136 768 1285 820 senatus
1306 768 1438 820 sefore
1456 768 1585 807 Cinna

282 825 531 875 promiserat,
556 827 595 866 id
622 828 741 866 modo
764 827 985 877 exspeftans
1009 829 1217 877 temporis,
1241 828 1336 867 dum
1359 827 1474 878 legati
1492 841 1582 878 pro..

281 887 565 936 ficiscerentur,
592 890 640 929 ad
665 889 865 940 ingenium
893 890 1031 939 rediit,
1065 892 1101 930 &
1129 891 1216 940 quia
1244 904 1324 929 non
1345 892 1458 930 unius
1487 890 1583 932 anni

280 949 456 990 laborem
481 952 517 991 se
540 951 726 1003 suscipere
751 953 1019 1004 intelligebat,
1047 952 1161 1003 seque
1182 955 1216 992 Sc
1238 953 1456 992 Carbonem
1482 966 1577 992 con-

279 1013 378 1052 sules
406 1015 446 1053 in
470 1014 667 1054 biennium
697 1018 869 1062 creavit,
899 1029 947 1054 ne
974 1016 1222 1054 comitiorum
1242 1015 1354 1054 causa
1373 1016 1507 1055 reverti
1535 1016 1578 1056 in

279 1074 415 1114 urbem
433 1076 626 1127 necessum
648 1076 846 1116 haberent.
873 1077 1074 1128 Quidquid
1099 1077 1240 1115 deinde
1256 1089 1395 1127 cogere
1409 1076 1578 1116 militum

279 1139 481 1178 undelibet
506 1150 706 1190 poterant,
736 1141 774 1179 in
804 1141 992 1181 Liburnos
1021 1139 1328 1190 praemittebant,
1359 1140 1464 1190 quod
1485 1140 1579 1180 inde

278 1203 453 1241 maxime
475 1203 695 1242 advenienti
736 1204 852 1245 Sullae
879 1204 1157 1243 constituerant
1179 1216 1390 1243 occurrere.
1423 1204 1471 1243 Et
1503 1203 1577 1253 pri-

278 1276 389 1302 mum
409 1265 566 1314 quidem
586 1266 862 1315 praemifforum
886 1277 1026 1314 agmen
1042 1264 1223 1315 prospero
1246 1263 1356 1302 cursu
1369 1260 1576 1312 trajedtum

276 1326 350 1366 est:
380 1325 537 1376 sequens
556 1328 781 1377 tempestate
800 1328 847 1367 ad
873 1327 986 1367 litora
1010 1329 1220 1376 rejecffum:
1251 1325 1487 1376 militesque,
1506 1338 1576 1366 ex-

278 1387 473 1426 scensione
495 1389 616 1435 fafta,
634 1388 780 1428 bellum
798 1388 910 1428 civile
931 1388 1125 1437 detestati,
1146 1387 1229 1427 suas
1253 1386 1409 1438 quisque
1434 1387 1577 1426 domos

274 1450 550 1499 repetiverunt.

329 1511 435 1551 XIV.
467 1512 594 1561 Hujus
623 1512 675 1551 rei
703 1512 805 1552 fama
834 1525 922 1551 cum
949 1511 1026 1551 late
1051 1511 1177 1563 sparsa
1200 1511 1316 1561 effet,
1349 1513 1427 1561 jam
1453 1522 1572 1550 nemo

275 1582 379 1619 erat,
410 1574 475 1622 qui
512 1573 771 1613 conscendere
799 1587 936 1613 navem
971 1573 1096 1613 vellet.
1127 1574 1284 1614 Idcirco
1312 1573 1462 1617 Cinna,
1489 1573 1572 1620 jam

275 1643 451 1684 quartum
479 1637 639 1685 consul,
667 1639 889 1683 Anconam,
922 1637 988 1676 ubi
1015 1650 1164 1689 magnae
1186 1646 1425 1687 congregatae
1449 1636 1572 1686 copiae

273 1706 405 1743 erant,
434 1701 620 1747 accurrit,
651 1711 690 1739 ut
710 1701 852 1739 minaci
883 1700 1057 1750 oratione
1081 1700 1230 1739 territos
1245 1730 1258 1746 ,
1280 1699 1340 1739 vel
1363 1699 1503 1737 invitos
1529 1698 1571 1738 in

272 1772 389 1799 naves
412 1761 640 1812 imponeret.
660 1763 863 1804 Nesciebat
883 1763 947 1802 ille
963 1794 974 1812 ,
995 1764 1060 1803 sua
1086 1762 1220 1813 suique
1250 1762 1430 1802 similium
1451 1774 1570 1812 opera

273 1827 421 1861 tantam
458 1823 531 1862 effe
562 1825 705 1864 fadiam
741 1838 894 1864 morum
933 1826 1276 1876 depravationem,
1311 1833 1355 1863 ut
1389 1823 1516 1863 occidi
1545 1837 1568 1863 a

273 1883 463 1924 militibus
490 1886 760 1937 imperatorem
775 1918 786 1935 ,
804 1887 891 1937 quia
914 1901 1063 1927 novum
1086 1901 1165 1926 non
1184 1895 1287 1935 erat,
1310 1899 1358 1926 ne
1380 1898 1566 1936 magnum

272 1946 431 1995 quidem
467 1950 614 1987 crimen
645 1948 861 1988 haberetur.
900 1950 1014 1989 Erant
1042 1960 1177 1999 praeter
1202 1948 1294 1988 alias
1320 1947 1450 1987 causas
1480 1960 1567 1986 exa-

273 2007 418 2048 cerbati
455 2009 622 2049 militum
654 2010 796 2057 animi,
824 2011 929 2060 quod
962 2010 1167 2060 pompejus
1194 2009 1441 2057 adolescens,
1473 2021 1564 2048 cum

273 2068 316 2107 in
350 2069 464 2109 castra
500 2070 632 2110 Cinnae
669 2070 796 2109 fuisset
821 2070 1043 2120 profectus,
1068 2070 1329 2118 calumniam,
1365 2071 1401 2111 ἃ
1425 2082 1473 2108 ex
1503 2082 1566 2108 ca-

271 2130 421 2171 lumnia
452 2133 669 2183 periculum
699 2134 875 2184 fugiens,
911 2134 1108 2184 ignoratus
1133 2132 1171 2172 se
1200 2132 1454 2172 subduxerat:
1488 2132 1563 2171 mi-

268 2190 430 2244 litesque
456 2193 557 2233 clam
579 2194 770 2234 sublatum
794 2195 1094 2246 suspicabantur.

326 2255 413 2294 XV.
443 2256 506 2296 Sic
539 2257 772 2296 exacerbatae
797 2257 1038 2296 multitudini
1061 2269 1151 2296 cum
1178 2256 1216 2296 se
1247 2256 1370 2296 Cinna
1396 2254 1563 2309 objecis-

268 2313 344 2362 set,
363 2317 462 2357 forte
486 2319 649 2367 accidit,
674 2327 715 2358 ut
742 2319 873 2369 lic‘tor,
896 2320 989 2359 dum
1011 2320 1052 2358 in
1074 2319 1304 2359 concionem
1328 2326 1445 2358 eunte
1463 2330 1557 2357 con-

316 2434 337 2478 §
369 2434 445 2466 XII
471 2435 547 2468 Liv.
570 2437 662 2481 Epit.
685 2437 832 2480 Appian.
865 2438 887 2481 §
909 2437 1232 2482 X111.Liv.Ep·1t.
1263 2433 1557 2481 §X1V.Austor

278 2477 319 2512 de
341 2478 415 2514 Vir.
435 2480 484 2515 ill.
508 2492 538 2514 c.
563 2480 616 2526 69.
645 2482 793 2526 Appian.
810 2482 887 2517 Liv.
909 2483 1002 2528 Epit.
1030 2482 1119 2517 Plut.
1139 2494 1175 2516 m
1196 2481 1311 2525 Pomp.
1329 2492 1359 2514 c.
1373 2481 1412 2513 8.
1429 2478 1558 2514 Zonar-
