1638 2937
1230 135 1251 148 Q

196 195 277 243 IN
321 193 492 240 LOC.
529 191 664 238 LIB.
705 189 928 236 LXXXV
978 189 1124 237 LIV.
1239 204 1327 255 253

51 316 125 355 que
147 310 295 355 partem
323 300 474 340 bellicis
502 305 566 338 aut
587 294 767 347 operibus
784 323 795 343 ‚
811 303 878 333 aut
904 301 1006 333 certe
1036 295 1339 344 cogitationibus

51 365 284 405 conterebat.
309 363 528 413 frequenter
554 359 650 397 inter
676 355 813 394 milites
838 367 1017 393 exercens
1045 368 1205 404 corpus,
1242 370 1335 398 eum

47 427 238 467 alacribus
267 425 387 473 saltu,
423 435 514 463 cum
547 419 744 461 velocibus
781 418 916 465 cursu,
947 429 1037 456 cum
1064 417 1200 456 validis
1233 418 1337 459 lucta

49 490 232 528 certabat.
1214 512 1217 515 »

104 552 209 592 XIV.
251 549 345 591 Belli
373 546 524 600 quoque
549 546 691 584 incerta
720 551 808 584 ante
835 543 1143 594 experimentum
1177 544 1336 594 ingenio

54 615 92 653 ἃ
121 612 373 651 meditatione
398 607 649 661 praecipiens,
681 614 809 645 tantus
837 605 961 644 statim
985 605 1061 644 dux
1085 605 1246 651 exstitit,
1275 616 1338 654 ut,

52 682 197 725 quanto
226 681 399 723 tempore
434 671 498 710 vix
530 677 709 720 paratum
740 668 950 706 exercitum
983 666 1079 706 alius
1110 667 1339 717 accepisset„

49 734 132 786 ipse
162 736 310 785 privato
336 731 494 772 confilio
533 729 726 770 delectum
755 728 991 775 confecerit,
1026 727 1243 778 militesque
1278 742 1339 768 ar-

49 806 176 838 matos
200 797 376 836 eduxerit
399 796 447 835 ad
474 806 656 845 pugnam.
683 792 819 841 Neque
834 790 1024 838 latebras,
1050 800 1115 830 aut
1137 791 1345 841 avia‚qui-

53 859 126 899 bus
160 861 354 910 ignoratus
379 857 557 906 tutusque
586 855 634 893 ad
662 852 807 893 Sullam
837 853 1074 903 perveniret,
1111 852 1340 894 sectabatur.

52 920 181 971 palam
205 920 411 965 incedens,
439 916 682 968 quascunque
702 916 801 954 inter
826 914 996 953 eundum
1022 915 1197 965 regiones
1224 915 1341 954 attin-

53 982 194 1033 gebat,
230 981 279 1020 ad
317 991 565 1019 communem
601 977 754 1018 causam
789 977 981 1015 adducere
1012 976 1218 1016 nitebatur.
1250 978 1348 1018 Haee

55 1044 124 1083 ubi
146 1045 309 1083 Romam
339 1040 486 1093 perlata
512 1039 624 1086 sunt,
653 1038 740 1088 quia
767 1037 876 1087 supra
900 1036 1018 1076 fidem
1044 1046 1174 1084 erant,
1193 1045 1341 1076 aetatem

55 1106 188 1152 potius
203 1105 397 1149 Pompeii,
412 1114 526 1148 quam
542 1099 737 1145 indolem,
753 1098 1039 1140 aestimautium‚
1061 1100 1243 1142 tanquam
1267 1094 1346 1133 ine-

52 1163 132 1214 ptis
160 1161 305 1200 nuntiis
332 1160 371 1198 in
395 1160 519 1208 majus
551 1159 661 1196 aucta
686 1153 972 1206 spernebantur.
1007 1152 1070 1191 sed
1100 1153 1347 1204 posteaquam

60 1225 222 1264 certiore
246 1224 351 1263 fama
382 1223 662 1268 innotuerunt,
694 1217 844 1257 senatus
863 1216 885 1265 J
891 1216 1025 1255 unium
1047 1215 1208 1255 Brutum
1231 1218 1349 1269 profi-

56 1286 146 1325 cisci
169 1285 346 1326 adversus
374 1283 485 1322 illum
512 1280 626 1331 juffit.
936 1286 947 1292 “

114 1358 199 1398 XV.
225 1356 310 1404 ,Iam
330 1357 365 1394 &
383 1353 563 1399 Carinas,
588 1354 623 1391 ἃ
647 1349 793 1391 Coelius
822 1361 911 1388 cum
935 1348 1007 1388 suis
1038 1349 1198 1400 quisque
1225 1352 1351 1401 copiis·

61 1419 188 1457 eidem
211 1418 248 1456 se
273 1416 422 1457 diversis
447 1428 495 1454 ex
522 1413 691 1465 partibus
715 1413 950 1461 objecerant.
989 1411 1108 1461 Igitur
1130 1412 1251 1451 tribus
1277 1413 1349 1452 ho-

57 1478 206 1519 stilibus
233 1476 464 1518 exercitibus
495 1477 663 1522 cinctus,
694 1474 734 1512 in
762 1473 922 1512 Brutum
947 1471 1095 1511 summa
1124 1473 1160 1512 vi
1191 1486 1351 1514 conver-

57 1542 121 1581 tit.
156 1540 270 1580 Primi
307 1539 485 1589 utrinque
518 1537 665 1588 equites
702 1542 1002 1575 concurrerunt:
1039 1548 1129 1574 nam
1157 1535 1350 1575 Gallicum

63 1604 278 1655 equitatum
307 1603 446 1642 Brutus
472 1601 695 1640 adduxerat.
725 1597 779 1637 ibi
802 1599 1004 1648 provectus
1030 1607 1116 1637 ante
1136 1598 1235 1649 ligna
1257 1599 1352 1638 ado-

61 1666 230 1715 lescens,
251 1665 389 1716 insigni
414 1663 551 1702 robore
569 1661 745 1707 Gallum,
775 1660 838 1710 qui
865 1662 900 1699 ἃ
927 1659 1008 1710 ipse
1031 1672 1076 1698 ex
1098 1660 1241 1699 diversa
1265 1661 1349 1699 acie

60 1734 325 1780 procurrerat,
352 1726 486 1765 lancea
511 1725 707 1774 dejectum
734 1721 937 1761 interfecit.
966 1721 1067 1760 unde
1090 1722 1206 1760 timor
1230 1721 1351 1760 inces-

61 1790 109 1830 fit
132 1788 329 1837 hostibus,
368 1790 403 1827 ὁὶ
428 1799 519 1826 mox
542 1786 658 1838 fuga3
692 1784 923 1834 suorumque
948 1785 987 1822 in
1020 1784 1141 1822 aciem
1167 1784 1322 1834 impacti
1340 1814 1354 1830 ,

63 1851 237 1902 peditem
262 1861 415 1900 quoque
440 1847 634 1887 turbatum
662 1854 889 1886 averterunt.
919 1846 984 1885 Sic
1006 1845 1088 1884 fuso
1114 1846 1222 1884 Bruti
1247 1858 1354 1884 exer-

65 1914 171 1961 citu,
200 1923 289 1950 cum
317 1910 416 1948 inter
437 1908 603 1958 reliquos
638 1907 754 1946 duces
788 1914 869 1945 orta
894 1905 1082 1946 discordia
1108 1904 1223 1952 effet,
1252 1905 1348 1943 alius

64 1973 140 2014 alio
184 1973 298 2012 castra
334 1979 546 2011 moverunt.
589 1970 794 2019 Pompeius
824 1968 988 2018 oppida,
1027 1967 1185 2007 discessu
1215 1979 1351 2006 eorum

66 2036 248 2088 praefidiis
277 2036 442 2083 nudata,
470 2033 669 2073 voluntate
692 2030 906 2071 incolarum
935 2032 1093 2080 recepit.

124 2107 230 2148 XVI.
270 2108 367 2148 Mox
394 2107 523 2157 Scipio
566 2103 697 2143 consul
733 2115 823 2140 cum
856 2101 1025 2140 exercitu
1052 2101 1242 2147 occurrit,
1274 2113 1353 2139 non

68 2170 252 2218 meliore,
279 2183 392 2220 quam
428 2179 566 2214 antea,
591 2176 724 2206 contra
747 2164 893 2204 Sullam
914 2172 1066 2202 eventu.
1099 2176 1188 2201 nam
1215 2161 1355 2200 milites

70 2233 178 2280 ejus,
213 2230 438 2279 simulatque
471 2230 728 2279 Pompeianos
753 2225 958 2276 conspicati
984 2225 1093 2271 sunt,
1130 2223 1355 2262 salutatione

71 2292 173 2332 faeta
186 2292 257 2341 ‚ad
271 2291 357 2330 illos
380 2291 614 2330 tranfierunt.
634 2289 822 2329 Postrema
841 2300 930 2326 cum
946 2285 1120 2327 Carbone
1141 2285 1243 2324 luffta
1263 2285 1357 2333 fuit,

131 2421 154 2464 5
189 2419 279 2452 XIII.
302 2419 379 2452 Liv.
407 2419 498 2463 Epir.
531 2418 677 2461 Appiam.
706 2417 793 2452 Plut.
818 2415 962 2449 Diodor.
994 2426 1048 2458 ap.
1071 2412 1182 2451 vales.
1215 2413 1235 2457 §
1261 2412 1357 2447 XIV.

73 2473 204 2508 Sallust.
232 2472 375 2506 Diodor.
404 2470 528 2514 Vellej.
553 2471 642 2503 Plut.
