1638 2937
216 172 295 220 IN
334 171 918 221 Loc.L1}3.xcv111
974 172 1120 224 mv,
1266 182 1360 242 '445

72 287 158 319 rum
179 281 455 320 existimaverat
470 311 481 327 ,
503 279 632 319 adhuc
656 281 694 319 in
717 279 834 321 herba
851 289 947 330 erat,
971 290 1126 333 propter
1146 283 1235 323 coeli
1258 284 1364 335 aspe-

71 342 227 381 ritatem
254 344 397 383 tardius
428 343 481 381 ibi
508 342 734 382 canescente
760 344 896 394 segete.
947 345 1216 395 Quapropter,
1242 357 1284 386 ut
1309 347 1363 387 ad

75 405 259 456 proelium
292 406 448 446 eliceret
470 405 644 453 hostem,
670 406 810 444 vastare
843 414 993 455 partem
1026 407 1189 455 regionis
1222 409 1365 459 coepitt

74 468 113 506 δε
144 467 399 507 nihilominus
434 466 707 506 cunzstantibus
743 466 958 514 Armeniis,
987 466 1036 505 ad
1062 466 1216 507 illorum
1245 469 1364 508 castra

51 530 292 577 *contendin
320 530 433 569 Erant
455 528 520 568 illa
548 530 587 568 in
622 529 722 569 colle
748 530 914 579 quodam
937 529 1025 577 sxta,
1050 528 1119 568 ubi
1147 531 1369 579 peditatum,

74 604 235 630 omnem
261 604 350 630 cum
375 599 483 641 parte
509 593 698 642 equitatus
725 591 970 632 Mithridates
996 591 1223 631 continebat
1240 606 1255 632 :-
1273 607 1364 635 cum

75 651 234 703 reliquis
257 654 454 704 equitibus
483 654 665 703 Tigranes
692 653 1041 693 frumentatoribus
1064 654 1261 694 insidiatus
1279 686 1289 704 ,
1309 657 1371 697 bis

73 719 180 752 terve
201 713 371 763 repulsus
402 727 422 753 a
447 715 632 754 Romanis
661 715 734 763 est3
758 715 834 754 levi
859 728 949 754 cum
971 718 1115 765 jaettira
1136 715 1366 767 hominum,

75 776 167 826 quia
196 777 373 816 Romano
399 777 572 828 superior
598 777 778 816 barbarus
806 778 1018 827 equitatus,
1044 777 1154 816 fimul
1183 780 1368 819 accedere

74 838 227 888 pedites
263 839 427 879 senserat
446 870 457 888 ,
484 839 656 879 vertebat
691 847 822 890 terga,
850 839 1059 890 fugamque
1096 840 1220 879 inibat
1248 841 1366 880 hosti.

78 899 150 939 bus
187 902 466 940 damnofiorem
484 931 494 949 ,
522 900 744 939 emittendis
775 913 796 939 a
821 907 929 949 tergo
957 899 1118 950 sagittis,
1144 900 1367 952 multosque.

76 971 144 1000 aut
176 963 458 1002 interficiebant
494 962 644 1011 statim,
673 971 739 1002 aut
772 962 996 1014 gravissimis
1033 963 1252 1015 afficiebant
1277 962 1368 1013 vul-⁴

76 1024 250 1064 neribus,

100 1119 104 1122 .
160 1087 286 1128 LXX.
335 1086 521 1137 Duplices
556 1088 662 1126 enim
698 1086 851 1126 aculeos
883 1085 1037 1125 illorum
1070 1086 1213 1136 sagittae
1246 1086 1371 1127 habe-

75 1149 195 1198 bant,
224 1149 272 1188 fic
295 1157 473 1199 aptatos,
502 1156 569 1196 ut,
598 1149 624 1187 fi
654 1149 881 1187 arundinem
909 1148 1091 1196 veneres,
1116 1161 1191 1188 una
1214 1156 1369 1190 tantum

75 1210 166 1250 ferri
194 1211 384 1262 particula
409 1211 650 1260 sequeretur;
680 1209 819 1257 altera,
839 1209 943 1258 quod
971 1208 1158 1258 prehendi
1186 1209 1367 1261 trahique

62 1284 158 1311 ,non
188 1271 335 1322 poffet,
364 1283 464 1311 caeca
494 1270 596 1321 peste
622 1282 762 1320 corpus
791 1269 840 1308 ad
872 1270 1082 1319 perniciem
1113 1278 1250 1310 ureret.
1288 1272 1368 1311 Ne·-

75 1346 153 1383 que
180 1334 371 1384 poenitet,
398 1345 474 1383 quo
505 1331 642 1372 clarius
679 1331 912 1383 intelligatur
946 1333 1028 1380 ejus
1062 1332 1209 1383 ingenii
1243 1333 1368 1383 ratio,

75 1409 159 1435 rem
186 1409 234 1436 ex
265 1396 335 1435 usu
367 1405 586 1446 remotam,
618 1404 797 1447 praeterea
832 1408 1016 1446 perquam
1049 1395 1211 1437 obscure
1246 1399 1372 1439 tradi-

75 1463 156 1498 tam
168 1489 178 1507 ,
194 1457 368 1509 pluribus
385 1458 509 1498 verbis
525 1461 561 1499 δε
577 1458 896 1498 manifestioribus
918 1458 1141 1509 exposuiffe.
1167 1454 1368 1502 Praefixuni

77 1520 257 1559 arundini
286 1520 428 1559 ferrum
450 1533 531 1559 non
561 1528 641 1559 erat
663 1519 848 1567 solidum,
876 1518 940 1557 sed
966 1519 1115 1559 duabus
1143 1533 1191 1561 ex
1216 1521 1375 1562 laminis

78 1582 133 1621 ita
159 1582 415 1632 compositum
431 1613 441 1631 ‚
458 1591 502 1622 ut
526 1581 643 1621 altera
671 1581 831 1622 fibulam
860 1580 1045 1630 haberet,
1066 1595 1141 1632 qua
1165 1582 1269 1634 ligno
1294 1597 1369 1623 an·
1419 1622 1423 1626 ,

80 1644 318 1690 ῃεέῖετετωτ,
348 1643 470 1682 altera
498 1643 587 1682 huic
619 1643 669 1682 fic
693 1645 939 1694 jungeretur,
964 1650 1008 1681 ut
1030 1645 1162 1702 gcoiret
1185 1645 1226 1683 in
1254 1645 1370 1685 unius

78 1704 205 1744 aculei
231 1704 423 1754 speciem3
451 1713 620 1744 ceterum
644 1704 778 1743 leviter
803 1711 954 1743 tantum
979 1703 1070 1742 esset
1092 1704 1271 1754 alligata,
1292 1719 1370 1755 quo

79 1766 209 1805 emitti
237 1766 395 1816 quidem
421 1778 510 1804 arcu
540 1765 685 1816 posset,
705 1768 740 1806 δε
766 1764 875 1804 fimul
899 1774 1114 1816 penetraret
1136 1766 1177 1805 in
1204 1767 1368 1815 vulnus,

78 1826 145 1866 sed
174 1830 292 1867 trafta
321 1827 525 1878 evulsaque
550 1827 683 1879 sagitta
699 1857 711 1877 ,
740 1826 906 1867 hamulis
932 1826 1008 1866 suis
1035 1836 1229 1868 retentum
1254 1828 1370 1870 facile

79 1888 120 1928 se
149 1889 303 1929 vinculo
337 1891 531 1928 educeret.

135 1950 282 1991 LXXI.
325 1950 506 1990 Ceterum
544 1951 645 1999 illae,
680 1965 915 2004 quamquam
955 1953 1142 2003 modicae,
1171 1956 1370 2005 vic‘toriae,

76 2010 360 2052 submovebant
391 2022 520 2052 tamen
554 2013 726 2061 hostem,
750 2014 929 2065 vicosque
958 2015 1115 2056 liberius
1153 2018 1368 2068 populandi

78 2074 230 2125 copiam
247 2074 408 2114 Lucullo
429 2075 634 2114 faciebant.
669 2078 796 2126 Atque
811 2076 901 2125 ille,
924 2079 1138 2130 intercepto
1154 2112 1163 2128 ,
1189 2082 1253 2130 qui
1276 2084 1371 2132 regi-

76 2135 149 2176 bus
173 2136 473 2187 apportabatur,
489 2145 728 2185 commeatu,
753 2152 868 2188 quam
894 2138 1072 2180 timuerat
1101 2142 1272 2192 inopiam
1288 2172 1298 2188 ,
1326 2144 1369 2183 in

77 2211 165 2237 eam
195 2199 318 2237 hostes
345 2199 506 2249 redegit.
546 2200 667 2250 Reges
700 2209 831 2239 tamen
867 2201 970 2241 nulla
1000 2215 1040 2241 re
1072 2205 1122 2243 ad
1150 2203 1371 2245 universum

80 2269 276 2299 certamen
306 2260 579 2310 eliciebantur‚
609 2275 698 2300 curn
723 2261 819 2301 nihil
847 2263 1079 2305 intentatum
1106 2265 1288 2306 Lucullus
1313 2279 1372 2305 re-

78 2323 271 2373 liquisset,
301 2325 417 2362 etiam
449 2324 567 2363 castra
598 2325 886 2364 circumvallare
913 2327 1028 2367 orsus.
1064 2327 1182 2378 Igitur
1216 2340 1372 2368 annona

75 2387 157 2435 jam
185 2385 386 2423 deficiente
403 2415 413 2434 ,
436 2397 527 2425 cum
553 2395 736 2436 praeterea
763 2387 904 2427 milites
919 2418 929 2437 ,
955 2390 1021 2441 qui
1042 2390 1141 2432 inter
1166 2389 1266 2434 levia
1287 2401 1369 2442 cer-5

120 2484 147 2531 5
171 2484 297 2535 LXVI&
315 2486 408 2531 Plan,
424 2486 460 2523 in
482 2486 618 2527 Lucull.
639 2488 788 2535 Appian.
809 2487 959 2536 moder.
