1638 2937
289 171 387 221 {314
459 159 553 207 JO.
595 158 1086 207 FREINSHEMII
1127 162 1476 214 SUPPLEM.

292 265 482 306 Mamerci
508 265 751 306 concessisset.
785 267 855 307 His
879 267 1045 317 auditis,
1064 269 1251 319 Lepidus,
1269 285 1356 310 cum
1382 273 1496 313 hostis
1518 272 1573 314 ab

291 328 423 367 senatu
440 329 655 378 judicatus,
679 329 893 379 iterumque
907 331 1027 371 vietus
1050 331 1160 379 esset,
1181 335 1326 374 recessit
1347 335 1475 384 Cosas,
1490 337 1567 376 He-

289 390 417 428 truriae
446 390 678 430 maritimum
709 391 923 441 oppidum,
947 391 1013 430 ubi
1045 393 1265 444 insequente
1302 396 1434 437 Catulo
1465 411 1569 438 nova-

289 452 489 491 commiffa
518 466 644 502 pugna
683 452 746 493 est.
781 453 842 492 cui
870 453 1138 504 superveniens
1169 470 1216 496 ex
1248 457 1371 498 Gallia
1399 460 1568 510 Pompe-

287 514 350 561 jus
373 526 550 564 magnam
575 514 697 553 edidit
719 516 888 565 caedem,
910 518 946 556 Sc
961 516 1125 567 reliquos
1151 519 1280 569 fugere
1298 522 1338 560 in
1355 521 1567 561 Sardiniam

288 577 428 626 coegit.

344 640 450 680 XVI.
482 640 540 680 M.
573 640 721 691 Lepido
752 653 841 680 cum
875 641 1055 680 omnibus
1078 610 1197 692 copiis
1222 644 1329 685 Italia
1357 644 1484 697 pulso,
1513 645 1568 685 se.

289 701 420 751 gnior‚
448 710 489 740 ut
516 710 645 741 amoto
679 702 859 741 nonnihil
889 703 1083 753 periculo,
1112 713 1279 745 ceterum
1315 707 1418 747 haud
1439 708 1566 747 minus

289 760 410 810 gravis
447 764 482 800 δε
517 760 720 812 multiplex
756 775 844 800 cura
880 761 1005 801 Patres
1045 764 1276 814 exercebat,
1311 767 1395 817 quia
1431 775 1565 817 praeter

284 834 438 861 externa
465 822 587 871 bella,
619 837 702 873 quae
721 823 788 862 sui)
819 823 921 862 idem
950 831 1100 875 tempus
1127 826 1297 875 pluribus
1315 828 1411 869 locis
1431 841 1562 879 erupe-

284 892 395 932 rant,
426 885 523 923 duce
551 887 718 935 partium
749 886 866 933 vivo,
899 885 1057 925 dilatum
1090 888 1239 938 potius,
1277 903 1392 940 quam
1421 891 1562 930 exstim-

284 946 389 983 etum
416 945 527 984 civile
557 946 781 985 incendium
805 944 1040 988 habebatur:
1070 949 1264 1000 metusque
1288 960 1386 1000 erat,
1411 965 1460 991 ne
1488 951 1561 990 im·

281 1007 474 1056 pedienda
502 1020 662 1047 annonae
687 1007 966 1048 transvectione
988 1009 1120 1049 urbem
1148 1011 1276 1062 inopia
1297 1022 1456 1064 urgeret.
1483 1014 1562 1056 Sed

281 1066 347 1105 ille
373 1066 544 1116 bellum,
566 1081 633 1118 per
660 1070 766 1119 quod
791 1068 918 1107 homo>
931 1069 1114 1109 delicatus
1140 1071 1231 1112 luxu
1257 1074 1325 1112 fibi
1350 1075 1560 1114 carendum

283 1129 470 1177 videbat,
506 1130 671 1181 segniter
702 1130 959 1180 moliebatur,
985 1132 1111 1172 donec
1139 1137 1367 1185 poenitentia
1392 1137 1558 1186 confini,

283 1193 319 1231 ἄ
337 1204 358 1229 a
380 1191 424 1231 C.
449 1191 600 1232 Valerio
629 1194 774 1234 Triario
791 1223 801 1240 ,
825 1193 889 1242 qui
921 1195 1157 1243 provinciam
1183 1211 1252 1248 pro
1279 1209 1439 1250 praetore
1458 1199 1558 1239 obri<

260 1253 420 1302 nebat,
445 1255 614 1305 undique
639 1256 839 1307 depulsus,
861 1261 897 1298 ἃ
919 1259 1150 1310 oppidorum
1172 1260 1449 1308 expugnatione
1472 1273 1558 1310 pro-

276 1314 446 1364 hibitus,
477 1318 690 1358 contrarios
721 1322 900 1371 cogitatis
923 1330 1081 1361 eventus
1108 1320 1270 1361 habuit:
1301 1321 1479 1372 lentaque
1501 1330 1557 1360 ta-

281 1378 330 1418 be
363 1389 609 1431 correptum,
645 1383 844 1432 cognitum
874 1385 1005 1424 uxoris
1033 1382 1202 1435 Apulejae
1236 1383 1464 1426 adulterium
1489 1392 1555 1423 tae-

278 1441 344 1491 dio
375 1443 409 1480 Sc
439 1441 572 1481 dolore
601 1444 783 1486 confecit.

341 1504 463 1543 XVII.
504 1504 711 1554 Epistolam
740 1509 844 1546 enim
878 1508 1049 1548 crim-inis.
1080 1509 1249 1548 indicem·
1276 1509 1374 1548 forte
1400 1510 1557 1556 nactus,

277 1565 433 1603 divortii
460 1565 633 1606 libellum
661 1569 781 1609 misit:
812 1571 957 1610 deinde
979 1570 1088 1610 fimul
1116 1572 1272 1611 caritate
1293 1571 1552 1621 defiderioque

273 1628 504 1676 repudiatae,
527 1629 636 1669 simul
660 1631 806 1680 injuriae
828 1632 901 1671 suae
927 1633 1132 1672 acerbitate
1151 1647 1194 1673 ac
1216 1633 1347 1672 dolore
1369 1632 1554 1680 extabuit:-

272 1687 452 1728 Extrema
474 1703 625 1741 quoque
647 1691 761 1742 hujus
787 1693 1026 1733 memorabili
1054 1703 1193 1735 eventu
1216 1695 1461 1734 adverterunt
1487 1707 1552 1733 cu-

271 1751 415 1790 riosos:
453 1753 542 1802 quia
570 1765 710 1803 corpus
737 1755 900 1795 flammae
923 1755 958 1794 vi
984 1768 1005 1794 e
1034 1769 1126 1806 rogo
1160 1758 1347 1805 ejectum,
1383 1769 1470 1795 cum
1496 1768 1553 1794 re-

270 1813 364 1863 poni
396 1822 552 1863 propter
579 1815 754 1855 ardorem
782 1819 981 1868 nequiret,
1010 1820 1118 1867 juxta
1149 1820 1346 1859 sarmentis
1373 1818 1457 1858 aliis
1480 1832 1548 1857 nu-

271 1875 364 1913 dum
400 1882 609 1914 crematum
643 1876 706 1916 est.
750 1879 815 1918 Sic
846 1880 1042 1918 atrocibus
1074 1880 1163 1919 belli
1192 1881 1303 1919 minis
1338 1880 1435 1918 inter
1466 1878 1547 1930 ipsa

270 1937 382 1976 initia
417 1937 660 1988 compreffis,
691 1939 875 1990 victores,
906 1955 986 1981 rara
1009 1942 1053 1980 iis
1074 1943 1308 1992 temporibus
1336 1942 1546 1990 modestia,

269 2011 367 2050 pace
393 2000 561 2039 cententi
597 2000 764 2041 fuerunt.
806 2017 919 2053 quam
950 2004 1000 2043 ob
1023 2005 1325 2044 moderationem
1359 2018 1438 2044 non
1467 2005 1546 2042 mi-

269 2074 363 2109 nu3‚
383 2075 495 2111 quam
523 2061 573 2101 ob
603 2061 747 2102 bellum
778 2064 942 2119 feliciter
968 2065 1207 2115 confectum,
1232 2066 1274 2109 C.
1305 2065 1428 2106 Catuli
1459 2079 1546 2106 ma-

271 2137 438 2174 gnopere
462 2125 695 2164 celebratum
720 2139 863 2166 nomen
886 2127 951 2167 est.

320 2186 463 2226 XVIII.
489 2186 680 2227 Exercitus
705 2187 864 2239 Lepidi,
891 2189 1138 2240 carpentibus
1163 2189 1368 2239 insulanis,
1395 2190 1536 2240 quibus

311 2288 331 2329 ς
356 2289 431 2321 XV.
455 2290 539 2322 Fasti
559 2290 629 2334 Cap
632 2291 708 2324 itol.
735 2291 807 2324 Cic.
829 2292 870 2327 de
892 2291 964 2325 Off.
984 2302 1093 2331 2.17.
1119 2292 1247 2325 Sallust.
1279 2291 1402 2326 Euseb.
1425 2290 1528 2324 Oros.

263 2331 574 2377 Ju1.Fxsuperant
592 2347 618 2367 c.
609 2303 667 2367 p.6
691 2335 712 2378 5
733 2336 822 2368 XVI.
844 2337 931 2368 Flor
959 2347 999 2378 3,
1061 2337 1229 2370 ..Sallust
1253 2335 1354 2369 Oros.
1373 2336 1438 2368 Jul.
1466 2337 1534 2368 Ex-

269 2376 436 2419 inpetrant
464 2378 586 2410 Ascon.
604 2380 637 2411 in
663 2360 1117 2423 Scaur.P1ut.Px‘m.7',36
1142 2382 1211 2422 &5
1241 2383 1353 2413 ..Val
1373 2380 1464 2413 Max.
1489 2392 1538 2418 εἰ

268 2421 302 2451 8.
329 2422 472 2463 Appiam.
491 2423 587 2454 civil.
611 2425 633 2455 l.
659 2435 688 2455 1.
713 2424 815 2467 §XV
823 2425 864 2456 {L
889 2424 954 2457 lul.
975 2393 1211 2470 Exsuperant.5
1219 2392 1370 2459 3Sueton.
1391 2425 1425 2457 in
1453 2423 1539 2459 Caes,

271 2476 301 2498 c.
325 2476 356 2501 2·
382 2466 457 2500 Liv.
485 2466 574 2512 Epic
595 2467 939 2513 Sallust0Agll.13
956 2468 986 2502 8.
