1638 2937
266 162 348 208 IN
397 161 573 226 LOC.
613 162 750 208 LIB.
797 162 971 208 LXXII
1023 166 1163 214 LIV.
1312 177 1372 230 13'

76 279 182 306 error
204 268 408 317 admonet,
436 276 480 307 ut
502 281 625 318 operae
646 268 812 317 pretium
840 269 976 308 fac‘turi
996 270 1215 322 videamur,
1236 273 1259 312 fi
1279 287 1370 324 qua.

79 328 128 368 lis
151 329 258 369 initio
284 330 378 370 belli
413 330 560 370 socialis
590 329 724 377 Italia,
753 330 964 381 quibusque
990 331 1162 373 habitata
1190 336 1370 385 gentibus

74 391 216 442 fuerit,
235 392 340 432 velut
355 393 394 431 in
415 392 556 431 tabella
576 392 826 447 spectandum
851 393 1114 434 exhibeamus.
1139 397 1235 435 Cum
1262 401 1367 439 enim

77 455 135 492 vir
150 485 159 502 ,
177 466 220 493 ut
241 455 446 494 existimari
474 455 620 505 potest,
647 463 770 494 cetera
796 469 874 494 non
896 456 1047 506 ineptus
1065 488 1077 505 ‚
1094 459 1142 496 ad
1169 458 1250 497 haec
1274 474 1366 509 pau„

75 512 116 552 lo
143 516 225 564 post
248 514 330 553 haec
359 525 562 566 tempora,
587 517 749 555 florente
768 526 869 556 certe
892 518 1155 558 Romanorum
1177 521 1366 570 imperio,

76 585 193 615 natus
207 607 218 625 ‚
243 576 410 625 Marsos,
431 577 704 628 Pelignosque‚
725 591 769 617 ac
784 579 1050 627 Marrucinos,
1066 581 1193 632 Libyae
1210 592 1341 632 gentes
1355 615 1366 631 ,

79 638 251 677 Gadibus
286 639 468 678 finitimas
501 641 670 689 potuerit
694 641 873 690 credere3
910 642 1084 692 profecto
1120 643 1231 682 nobis
1262 643 1367 683 haud

73 700 298 739 translatitia
315 701 511 751 diligentia
536 703 607 740 erit
629 715 728 753 opus
744 733 756 748 ,
783 717 831 742 ne
850 704 889 742 in
912 704 1048 751 rebus,
1063 713 1123 744 tot
1147 704 1366 745 seculorum

73 763 258 802 vetustate
276 764 508 812 obliteratis,
537 773 595 803 tot
622 765 774 804 interim
802 766 1083 805 mutationibus
1099 767 1212 807 aliam
1234 767 1364 808 aliam-

40 870 45 871 7
73 837 149 875 que
170 824 330 864 subinde
353 825 491 864 faciem
519 826 694 876 adeptis,
730 824 1029 866 hallucinemur.

141 887 296 927 XXIX.
331 887 451 938 Igitur
483 888 606 927 omnis
647 886 755 927 Italia
797 888 924 927 decies
961 897 1122 928 centena
1159 891 1195 929 ἄ
1229 891 1366 941 viginti

73 949 194 989 millia
225 949 396 1000 passuum
426 951 464 990 in
503 950 786 1002 longitudinem
820 951 1091 1002 protenditur,
1126 951 1173 991 ab
1200 953 1366 1004 Augusta

12 1038 16 1042 -
75 1014 248 1054 Praetoria
275 1026 342 1064 per
367 1013 502 1052 urbem
532 1015 780 1065 Capuamque
817 1013 867 1052 ad
892 1014 1064 1053 Siculum
1090 1014 1256 1061 fretum,
1294 1016 1364 1055 ubi

71 1076 265 1127 Rhegium
293 1078 479 1128 oppidum
505 1078 571 1126 est,
595 1077 851 1128 pergentibus.
877 1079 1039 1128 Augusta
1061 1091 1205 1116 nomen
1230 1079 1360 1117 adhuc

72 1137 192 1178 hodie
213 1140 372 1188 retinet,
396 1142 503 1190 juxta
532 1139 704 1190 geminas
722 1138 878 1189 Alpium
907 1139 1062 1187 fauces,
1090 1139 1222 1188 GraJ‘as
1247 1149 1362 1190 atque

72 1202 279 1251 Poeninas,
323 1203 399 1242 fita.
447 1202 629 1242 Latitudo
670 1202 829 1240 minime
864 1201 1070 1252 respondet
1099 1201 1364 1254 longitudini,

72 1263 154 1314 ipsa
178 1277 331 1315 quoque
354 1265 474 1313 varia,
498 1265 667 1303 maxima
690 1266 869 1315 proxime
895 1265 1008 1315 Alpes
1034 1267 1135 1303 inter
1154 1266 1294 1305 Varum
1325 1270 1363 1307 ὁὶ

71 1327 217 1366 Arliam
254 1327 420 1374 fluvios,
466 1326 515 1365 ad
548 1326 828 1376 quadringenta
866 1326 1000 1365 decem
1040 1326 1163 1365 millia
1198 1336 1359 1377 patens;

76 1390 274 1439 deinceps,
293 1398 435 1438 quanto
452 1389 570 1439 magis
587 1389 624 1426 in
642 1388 816 1427 Austrum
833 1389 964 1437 vergit,
987 1389 1146 1436 arc⁰ti0r3
1166 1389 1235 1427 nifi
1255 1391 1362 1440 quod

72 1451 114 1490 in
140 1452 270 1490 media
297 1451 417 1490 ferme
445 1452 694 1502 longitudine
718 1452 817 1490 inter
840 1452 989 1492 Tiberis
1021 1454 1055 1492 Sc
1085 1453 1214 1491 Aterni
1245 1454 1362 1503 ostia,

74 1513 291 1554 breviffimo
321 1515 455 1553 itinere
484 1516 524 1553 in
555 1522 710 1552 centum
739 1513 856 1554 millia
885 1522 1019 1553 tumet.
1047 1515 1095 1552 ad
1125 1513 1361 1565 Scyllaciurn

74 1578 259 1628 quidem,
289 1579 324 1617 ἃ
345 1578 468 1616 finum
495 1578 743 1632 Terinaeum,
771 1577 834 1626 qui
858 1576 976 1614 hodie
1003 1577 1038 1616 S.
1056 1575 1277 1625 Euphemiae
1306 1579 1363 1616 di„

73 1643 201 1688 citur,
237 1640 494 1692 angustissima
521 1640 632 1680 Italia
661 1639 736 1689 est,
767 1641 833 1678 vix
863 1637 985 1677 millia
1016 1637 1190 1688 passuum
1226 1639 1361 1691 viginti

73 1703 173 1743 inter
201 1704 381 1755 superum
403 1705 646 1754 inferumque
675 1717 779 1743 mare
805 1703 1086 1755 ocpupantibus
1108 1704 1225 1743 terris.

130 1768 268 1807 XXX.
300 1768 343 1807 In
372 1767 450 1806 hoc
478 1768 547 1806 situ
577 1765 753 1817 plurimae
781 1773 912 1815 gentes
938 1765 1180 1816 civitatesque
1210 1765 1362 1806 nobiles

77 1829 113 1868 ἃ
137 1840 241 1866 nunc
264 1827 376 1876 sunt,
406 1828 558 1868 &olim
585 1828 752 1866 fuerunt.
784 1826 850 1865 sed
879 1827 916 1864 in
954 1825 1151 1876 praesen-tia
1181 1827 1267 1866 satis
1298 1828 1363 1866 ha·

72 1888 251 1938 bebimus
278 1901 339 1927 eas
374 1887 631 1939 descripfiffe‚
658 1900 817 1937 quarum
843 1896 926 1926 tum
952 1890 1139 1937 temporis
1171 1888 1362 1938 praecipua

74 1950 273 1989 celebritas
301 1952 336 1990 δε
359 1952 555 2011 potentia,
582 1958 647 1988 aut
672 1949 801 1988 sociali
822 1948 925 1989 bello
961 1949 1103 1999 infigne
1127 1948 1282 2000 aliquod
1307 1950 1360 1988 fa-

72 2019 157 2050 tum
182 2011 267 2051 fuit.
295 2012 417 2062 Ergo,
442 2022 618 2051 naturam
638 2009 780 2058 secuti,
806 2020 970 2060 quatuor
995 2012 1035 2049 in
1056 2020 1180 2061 partes
1209 2011 1359 2050 ltaliam

75 2075 310 2124 dividimus,
343 2084 386 2114 ut
414 2075 724 2125 Circumpadana
757 2074 954 2113 montibus
980 2075 1021 2112 &
1050 2074 1246 2112 Adriatico
1278 2073 1358 2112 sinu

74 2133 254 2183 planities
278 2136 532 2184 terminetur3
566 2130 714 2186 partem
740 2134 948 2173 secundam
973 2135 1198 2183 Apenninus
1226 2146 1358 2182 mons,

74 2202 196 2233 totam
219 2195 336 2235 Italiae
357 2197 647 2247 longitudinem
674 2197 947 2247 pertransiens3
976 2204 1140 2242 ceteras,
1169 2208 1251 2245 quae
1280 2197 1359 2244 cis,

73 2264 139 2293 aut
163 2265 262 2294 trans
291 2258 715 2306 Apenninum-jacent,
756 2256 998 2296 constituant.
1023 2269 1044 2294 a
1067 2256 1218 2305 prima,
1243 2270 1357 2306 quam

76 2316 238 2356 lecimus
253 2348 265 2366 ‚
280 2318 433 2369 regione
456 2319 763 2358 commodissime
782 2317 1078 2372 descriptionem
1098 2328 1218 2356 totam
1235 2319 1360 2369 ordie-

116 2420 141 2473 ζς
175 2431 332 2463 xxvnl.
371 2432 499 2465 Memn.
528 2444 582 2476 ap.
613 2432 710 2477 phot.
734 2432 817 2466 Plan.
843 2445 884 2480 3,
914 2445 928 2479 5
963 2433 998 2468 δι
1026 2445 1075 2477 17.
1104 2435 1246 2472 cluver.
1278 2436 1356 2473 Ital,

73 2487 105 2519 p-
127 2476 180 2520 96.
212 2476 234 2521 θ’
260 2475 494 2512 xxlx.l>1·m.
523 2488 566 2524 3,
593 2489 646 2515 ιο.
670 2478 812 2515 Cluver.
881 2481 883 2484 ⁴
