1638 2937
274 71 335 114 66
438 44 1060 112 JO.FR'E1NSHEMH
1097 62 1465 110 SUPPLEM.

274 175 331 213 sui
363 172 639 211 contumeliam
662 172 859 211 vindicare
882 170 1094 221 proditorio
1116 170 1219 209 facto
1247 169 1456 208 studuiffet.
1488 168 1562 209 Lu„

274 239 379 277 cium
404 238 509 275 enim
543 236 723 275 Porcium
758 235 907 281 ferunt,
937 245 1027 272 cum
1061 233 1214 272 easdem
1250 231 1410 270 haberet
1437 231 1565 281 legio-

271 312 368 345 nes,
396 311 479 348 quae
500 296 692 347 superiore
718 309 818 335 anno
842 294 911 334 sub
946 294 988 334 C.
1019 295 1146 334 Mario
1172 293 1454 341 militaverant,
1480 292 1564 331 suc-

274 360 378 401 ceffu
404 360 564 408 laetum,
601 372 670 410 per
701 358 925 409 jactantiam
955 357 1089 397 dixiss'e
1106 387 1117 406 ,
1143 360 1182 398 C.
1208 358 1369 396 Marium
1399 370 1470 395 non
1492 371 1567 395 ma-

269 425 350 490 jora
363 422 495 476 fecff'·

344 484 460 525 XXI.
499 483 612 523 Hanc
647 482 718 532 ipsi
753 494 890 520 vocem
926 481 1083 522 letalem
1114 480 1223 521 fuisse
1261 488 1426 531 putant,
1464 479 1564 519 nihil

272 559 348 587 nec
373 559 393 584 a
422 544 605 595 perfidia,
631 555 704 581 nec
726 555 747 581 a
778 542 1005 581 crudelitate
1029 543 1200 582 Mariana
1227 541 1457 581 abhorrente
1483 540 1566 579 sen-

272 608 408 647 tent-ia,
449 606 629 645 Ceterum
665 615 767 642 mors
801 595 968 642 consulis
995 604 1092 642 adeo
1131 589 1316 642 exterruit
1343 603 1566 650 Romanos,

273 680 321 711 ut
356 683 436 709 non
457 668 576 708 modo
599 667 719 706 victos
745 666 823 704 fere
847 665 971 704 hostes
998 665 1250 712 omitterent,
1286 664 1351 703 sed
1374 665 1442 715 ipfi
1471 677 1566 715 quo-

274 746 352 783 que
374 733 629 770 vincerentur.
665 729 829 768 Felicius
865 728 905 766 in
929 727 1090 778 Japygia
1127 740 1149 766 a
1179 726 1221 766 C.
1250 725 1439 765 Cosconio
1463 738 1567 776 prae-

273 804 362 832 tore
394 792 503 840 gesta⁴
524 804 582 830 res
613 790 778 841 est‚nqui
807 789 1052 839 adjutoreQ
1088 789 1258 833 Luccejo
1291 788 1431 834 (cujus
1463 785 1566 828 filius

272 853 401 895 Italici
424 851 513 890 belli
535 850 755 896 historiam,
772 861 851 886 non
873 845 1048 894 meliori,
1063 859 1178 896 quam
1201 846 1341 894 ceteri,
1358 846 1566 895 fato,scri-

273 910 374 965 pne]
407 912 596 952 Samnites
623 910 705 948 acie
739 909 858 948 vicit:
899 908 1070 948 Marium
1103 907 1337 956 Egnatium,
1375 906 1569 946 nobilissi-

273 989 388 1015 mum
410 974 577 1013 hostium
598 975 759 1020 ducem,
776 970 946 1009 occidit:
968 968 1158 1019 Salapiam
1172 998 1183 1018 ,
1205 969 1378 1018 Cannas,
1403 968 1476 1008 alia
1499 981 1569 1018 op·

275 1036 373 1086 Pida
396 1032 597 1083 complura
623 1031 664 1069 in
685 1031 926 1070 deditionem
959 1029 1118 1079 accepit.

331 1096 466 1136 XXII.
500 1095 610 1134 Circa
643 1093 875 1141 Canusium,
913 1093 1019 1142 quod
1048 1092 1220 1131 obfidere
1257 1090 1446 1142 aggressus
1476 1091 1568 1131 fue-

276 1171 360 1209 rat,
386 1160 521 1199 acriter
543 1171 634 1197 cum
661 1157 900 1198 Samnitibus
928 1157 1157 1196 dimicatum
1180 1157 1258 1206 est,
1285 1170 1423 1207 magna
1448 1157 1570 1196 utrin-

279 1235 355 1273 que
384 1221 512 1268 caede,
544 1220 668 1258 donec
704 1218 808 1269 prior
844 1218 1041 1257 Romanus
1080 1219 1294 1257 exercitum
1327 1218 1475 1257 Cannas
1507 1231 1570 1257 re-

280 1286 402 1325 duxit.
436 1285 482 1322 At
505 1281 708 1322 Trebatius
735 1281 969 1321 Samnitium
990 1281 1126 1320 ductor
1147 1281 1366 1329 insecutus,
1396 1293 1485 1320 cum
1512 1283 1571 1320 in-

279 1355 339 1385 ter
362 1346 439 1384 duo
464 1344 579 1383 castra
604 1343 780 1382 medium
808 1343 934 1383 Aufidi
960 1343 1105 1382 fiumen
1129 1343 1246 1391 esset,
1275 1343 1476 1394 optionem
1500 1339 1569 1382 de-

279 1404 370 1444 tulit
400 1404 588 1444 Cosconio
602 1434 612 1452 ,
638 1415 678 1451 up
697 1404 756 1441 vel
775 1404 813 1442 in
833 1405 941 1457 suam
962 1404 1072 1456 ripam
1087 1403 1278 1455 pugnandi
1305 1402 1412 1454 causa
1433 1403 1573 1454 descen..

279 1469 395 1515 deret,
421 1466 522 1519 cujus
545 1466 592 1504 rei
615 1466 812 1518 potestatem
827 1467 868 1518 fi
901 1465 954 1513 ei,
979 1465 1141 1512 abduflo,
1167 1475 1334 1516 quantum
1350 1463 1446 1516 satis
1469 1462 1572 1514 effi2t,

281 1531 435 1568 exercita
445 1528 641 1581 fizflurum:
663 1528 722 1565 vel
737 1529 855 1565 eadem
870 1527 1070 1564 conditione
1091 1527 1270 1577 transitum
1278 1525 1349 1574 fibi
1366 1526 1569 1563 concederet.

336 1591 492 1632 XXIII.
527 1590 758 1638 Cosconius,
781 1589 900 1628 altera
934 1589 1157 1628 conditione
1177 1597 1361 1638 accepta,
1394 1597 1438 1626 ut
1462 1586 1572 1626 suam

281 1655 381 1693 intra
406 1655 526 1704 ripam
543 1653 766 1692 admitteret
788 1651 935 1691 hostem
950 1682 961 1701 ,
995 1650 1104 1690 simul
1127 1650 1192 1689 ille
1217 1652 1445 1699 trajecerat,
1467 1650 1571 1700 signa

283 1715 427 1754 intulit.
456 1726 579 1763 neque
601 1721 752 1752 tantum
778 1712 928 1763 pepulit
955 1712 1192 1760 Samnitem,
1216 1712 1280 1750 sed
1302 1720 1402 1750 trans
1422 1711 1570 1751 fiumen

282 1777 378 1826 fuga
403 1775 564 1814 evadere
587 1784 771 1812 conatum
790 1774 843 1812 ita
871 1772 1035 1820 cecidit,
1065 1780 1108 1811 ut
1140 1773 1190 1811 ad
1214 1771 1335 1811 millia
1362 1770 1568 1810 hominum

285 1838 506 1889 quindecim
536 1836 824 1876 occumberent.
860 1849 882 1874 a
911 1834 1044 1873 ceteris
1074 1836 1109 1873 ἃ
1134 1830 1232 1872 duce
1257 1833 1460 1880 Trebatio,
1485 1845 1571 1882 per-

283 1901 427 1939 niciem
455 1912 533 1939 non
555 1898 724 1950 ipsorum
749 1898 867 1936 virtus
883 1926 894 1945 ,
930 1895 996 1935 sed
1025 1895 1210 1935 Canufina
1241 1896 1385 1932 moenia
1409 1893 1569 1942 depule-

284 1970 386 2000 runt.
421 1959 810 2007 Cosconius,vastat0
826 1957 990 1997 Larinati
1017 1958 1051 1996 ἅ
1075 1955 1265 1994 Venusino
1292 1966 1406 2003 agro,
1440 1956 1475 1992 ἅ
1503 1953 1568 2003 qui

284 2024 424 2063 Piceno
449 2021 689 2072 cognominis
718 2020 757 2058 in
787 2018 926 2069 Apulia
951 2019 1023 2066 est,
1050 2017 1263 2065 Asculano,
1290 2018 1329 2055 in
1354 2015 1570 2055 Poediculo-

286 2099 372 2124 rum
406 2084 501 2123 fines
532 2092 640 2122 tanto
672 2092 815 2121 terrore
852 2081 1059 2130 incubuit,
1092 2089 1136 2119 ut
1171 2078 1384 2119 universam
1415 2086 1571 2129 gentem
1628 2072 1632 2076 ¹

286 2147 407 2187 biduo
432 2146 608 2197 proximo
636 2146 674 2183 in
701 2146 821 2184 fidem
842 2145 1043 2194 acciperet.
1173 2173 1177 2174 γ

341 2209 489 2250 XXIV.
516 2209 662 2248 Eadem
691 2208 815 2247 aestate
833 2207 875 2247 L.
902 2206 1029 2256 Sulla,
1053 2205 1173 2256 captis
1200 2205 1249 2244 ad
1266 2202 1407 2244 Nolam
1424 2201 1572 2242 Samni-

339 2329 359 2370 §
386 2328 462 2359 XX.
482 2327 605 2368 Velle]
625 2328 816 2371 Liv.Ep·1t
838 2326 942 2359 Oros.
962 2326 1106 2370 Eutrop.
1131 2324 1355 2372 §XX1.Liv.
1373 2323 1462 2366 Ερίῐ
1481 2320 1569 2355 Πιο-

291 2363 365 2406 «loir.
386 2374 410 2405 1.
435 2382 490 2416 37.
513 2372 656 2416 Appiam.
681 2372 752 2406 Cic.
774 2371 814 2404 ad
833 2372 936 2406 famil.
956 2382 997 2413 ς,
1024 2383 1075 2404 12.
