1638 2937
303 176 394 220 292
470 164 1519 219 JO.FRE1NSHEMHSUPPLEM.

300 277 371 307 tur.
401 270 498 308 Nam
524 269 750 320 Pompeius,
778 272 833 310 uti
862 273 1073 322 praecipuos
1099 273 1345 315 inimicorum
1375 276 1513 324 Sullae,
1542 278 1581 317 Sc

298 329 426 380 palam
454 330 610 370 oblatos
633 333 809 403 castigare
835 334 1028 374 necestum
1056 334 1218 384 habuit
1258 337 1311 376 ita
1340 351 1412 377 nec
1438 340 1579 389 cupide

296 393 488 443 requilivit
516 382 700 441 latentefs,
735 396 770 433 ἃ
799 393 1028 443 quibusdam
1053 397 1265 448 effugiendi
1297 398 1390 437 fecit
1416 400 1580 450 potesta-

296 463 389 494 tem.
416 454 590 501 Deinde,
615 454 701 504 quia
719 454 862 493 bellum
887 458 968 505 jam
992 457 1143 497 nullum
1164 462 1203 497 in
1217 459 1342 499 Sicilia
1363 459 1577 510 supererat,

295 515 422 555 veisus
444 517 493 555 ad
520 528 575 554 res
599 515 727 555 insulae
754 518 1067 566 componendas,
1091 518 1225 569 jusque
1248 520 1476 569 dicendum,
1498 520 1576 560 val

293 579 344 617 de
369 578 551 616 recreavit
573 573 829 627 provinciam,
846 577 973 617 sollers
1000 580 1104 618 idem
1125 583 1159 619 ἃ
1185 582 1424 632 incorruptus
1446 581 1573 632 publi-

294 650 431 677 corum
468 639 777 689 privatorumque
806 641 1050 689 negotiorum
1080 642 1266 692 cognitor.
1315 644 1410 693 Quae
1439 656 1498 682 res
1528 656 1575 682 eo

289 702 436 751 ‚gratior
473 699 608 740 Siculis
644 700 744 749 fuit,
790 702 893 751 quod
930 702 1057 748 multis
1089 706 1170 753 jam
1198 706 1310 744 annis
1337 707 1397 754 jus
1428 706 1577 746 diCtum

290 765 335 804 in
357 777 401 803 ea
425 763 546 803 insula
569 777 645 802 non
675 766 938 804 meminerant.

349 826 413 866 VI.
439 827 680 866 Mamertinis
711 836 838 866 tamen
854 857 865 875 ,
886 827 1052 867 tribunal
1069 830 1150 878 ejus
1175 829 1455 881 praescriptione
1477 831 1572 880 juris

291 889 430 928 vetusti
454 889 762 936 declinantibus,
792 890 909 940 paulo
934 891 1171 931 acerbiorem
1200 891 1236 931 se
1262 891 1462 941 exhibuit,
1490 906 1574 943 gra-

288 952 327 990 vi
352 952 465 989 etiam
486 964 581 991 voce
607 952 735 1000 edita,
759 954 929 1006 quousque
954 954 1044 1006 leges
1058 955 1207 992 accinflo
1224 955 1450 993 recitabitis?
1473 954 1574 994 Lon-

284 1028 337 1065 ‚ge
360 1014 589 1054 moderatior
610 1015 685 1054 fuit
709 1015 747 1054 in
762 1014 1102 1055 Thermitanorum
1129 1016 1262 1065 causa,
1286 1017 1348 1067 qui
1369 1018 1569 1058 Himeram

285 1077 480 1117 colebant.
519 1079 601 1118 Hos
631 1078 681 1118 ob
706 1078 871 1118 studium
903 1078 1145 1118 adversarum
1176 1080 1339 1129 partium
1369 1092 1457 1119 cum
1492 1094 1572 1131 pu-

284 1143 367 1180 nire
391 1141 635 1190 decrevisset,
673 1142 851 1182 Sthenius
881 1143 1041 1183 civitatis
1072 1143 1276 1194 princeps,
1315 1145 1431 1197 inique
1448 1144 1568 1198 sabla-

281 1219 358 1243 rum
384 1204 633 1252 exclamavit,
660 1206 699 1255 si
722 1207 764 1243 ob
792 1206 931 1259 culpam
962 1207 1068 1244 unius
1094 1207 1330 1244 condemnaret
1362 1221 1489 1247 omnes.
1528 1209 1566 1247 δε

287 1275 480 1316 quaerente
506 1266 716 1315 Pompejo,
742 1281 877 1319 >ecquem
913 1268 1022 1321 igitur
1049 1282 1154 1306 unum
1187 1267 1286 1306 illum
1316 1267 1377 1319 ff
1413 1269 1570 1309 diceret?

276 1333 320 1384 se
351 1331 461 1384 ipsum
483 1330 545 1382 effi
570 1329 771 1379 respondit
786 1360 799 1376 ,
830 1331 891 1382 qui
913 1343 1053 1384 propter
1082 1332 1122 1369 C.
1150 1331 1266 1368 Marii
1280 1329 1567 1382 familiaritatem

283 1392 321 1430 δ’
343 1392 523 1444 hospitium
537 1422 549 1439 ,
577 1392 671 1429 cives
695 1393 808 1445 filos,
830 1393 959 1444 *amicis
979 1387 1216 1446 perfitadendo
1228 1422 1242 1439 ,
1280 1393 1427 1444 cogendo
1449 1392 1565 1430 inimi-

281 1467 365 1500 cos,
390 1455 439 1490 ad
460 1455 601 1491 eandem
626 1453 767 1506 causszm
791 1449 1000 1506 adduxisset.

339 1513 422 1553 VII.
450 1513 670 1552 Delectatus
701 1512 820 1552 animi
853 1514 1019 1563 generoli
1043 1512 1264 1552 adolescens
1290 1520 1371 1552 tam
1406 1513 1496 1553 forti
1525 1516 1562 1554 ἅ.-

282 1576 345 1626 pia
370 1576 603 1615 confellione
621 1606 633 1624 ,
669 1575 793 1626 primo
819 1575 954 1625 illum,
982 1576 1121 1615 deinde
1147 1575 1342 1615 civitatem
1374 1576 1563 1617 absolvit:

285 1640 321 1676 ἅ
346 1638 384 1675 in
409 1650 454 1676 eo
482 1638 563 1687 ipso
586 1638 733 1687 judicio
760 1637 1018 1688 digniffimum
1040 1639 1189 1688 statuit,
1218 1651 1386 1689 quocum
1410 1639 1563 1689 hospitii

283 1699 526 1739 contraheret
552 1701 881 1741 neceffitudinem.
913 1701 1013 1741 Cum
1039 1703 1179 1742 deinde
1205 1703 1377 1742 militaris
1400 1703 1566 1742 insolen-

281 1764 335 1801 tia
361 1761 499 1801 multas
529 1763 661 1813 passim
694 1763 849 1813 injurias
873 1763 1007 1804 Siculis
1032 1764 1170 1804 inferre
1205 1766 1420 1815 diceretur3
1451 1778 1563 1806 exco-

284 1826 442 1875 gitavit,
470 1832 539 1874 ut,
563 1826 711 1875 quoties
735 1826 862 1876 aliquo
889 1827 1065 1867 mittendi
1090 1828 1231 1867 milites
1257 1828 1395 1877 essent,
1414 1828 1560 1879 gladii,

279 1899 328 1924 ne
352 1885 501 1939 pofffent
530 1886 668 1933 educi,
697 1885 980 1936 obfignarentur
999 1917 1010 1935 ,
1045 1883 1483 1938 aniniadvertereturque
1517 1889 1557 1927 in

279 1961 369 1996 eos,
395 1960 559 1998 quorum
588 1960 607 1985 a
631 1947 765 1997 gladiis
791 1948 935 1988 revulsa
969 1961 1053 1988 cera
1076 1949 1179 1989 effet.
1217 1951 1305 1991 Hoc
1327 1963 1453 1990 rerum
1477 1950 1561 1991 ubi-

279 2023 354 2059 que
382 2010 500 2056 statu,
536 2021 626 2047 cum
648 2019 784 2058 pacata
811 2010 941 2049 omnia
967 2020 1104 2060 praeter
1135 2011 1356 2062 Hispaniam
1382 2013 1560 2052 videren-
1623 2061 1627 2064 Δ

277 2080 364 2120 tur,
396 2070 461 2109 ubi
494 2072 543 2121 Q.
571 2070 754 2109 Sertorius
782 2069 926 2110 bellum
956 2071 1170 2118 conflabat,
1203 2072 1267 2112 Pio
1299 2072 1459 2112 Metello
1492 2072 1558 2113 illa

276 2132 520 2183 expeditione
549 2132 765 2180 commissa,
795 2132 843 2172 ad
875 2132 1154 2183 rempublicam
1179 2134 1432 2172 ordinandum
1454 2133 1560 2174 Sulla

275 2193 314 2232 se
341 2195 553 2243 transtulit,
579 2196 764 2246 potestate
790 2195 904 2247 plane
929 2198 1150 2248 tyrannica,
1180 2197 1245 2236 sed
1269 2196 1462 2236 honestius
1489 2195 1558 2236 ali-

276 2259 383 2306 quod
412 2271 557 2297 nomen
586 2258 906 2309 circumspiciens.

321 2391 343 2429 (Ξ
369 2392 413 2424 V.
433 2393 518 2426 Plin.
543 2403 584 2435 3,
608 2404 637 2434 5.
659 2394 809 2427 Macrob.
833 2395 1001 2428 Saturnal.
1022 2404 1067 2436 τ,
1083 2400 1121 2437 ’.9
1144 2394 1231 2427 Plut.
1268 2394 1380 2437 quaest.
1402 2394 1496 2427 Rom.
1518 2406 1550 2428 c.

272 2434 577 2522 ἷῗέοὲὶτέεἲοὲιειρ.
607 2439 718 2474 Vales
756 2439 778 2484 §
807 2439 866 2476 VI.
892 2440 963 2473 Cic.
991 2439 1087 2474 Verr.
1118 2451 1158 2481 2,
1189 2440 1244 2482 46.
1280 2439 1367 2473 Plut
1406 2440 1554 2483 Appiam..
