1638 2937
1167 44 1200 51 ff—

267 154 347 204 IN
382 157 556 207 LOC.
607 157 737 208 LIB.
785 157 978 209 XCVIII
1029 163 1175 212 LIV.
1288 172 1388 228 2447

96 260 213 317 mina.
249 275 293 302 ea
314 264 504 314 praecipue
538 266 642 315 equis
673 266 806 305 infesta
835 280 893 307 res
920 276 1026 318 erat,
1054 270 1194 320 quibus
1227 273 1263 311 &
1290 271 1388 313 insa-

93 319 213 361 lubris
242 325 365 375 rigore
388 334 501 375 potus
528 325 669 374 fiebat,
691 328 726 365 &
749 327 847 367 inter
870 329 1144 371 transeundum
1164 341 1276 383 rupta
1301 334 1382 385 gla-

95 383 156 422 eie
183 396 293 424 crura
338 385 722 426 convulnerabantur.

153 445 309 486 LXXV.
353 448 488 497 Neque
524 448 709 487 exercitui
738 447 870 489 faciles
905 458 971 489 aut.
1003 451 1084 490 dies
1122 451 1194 492 iter
1227 453 1389 496 facienti

98 515 230 555 erant,
258 515 324 547 aut
350 510 481 547 noctes
505 507 543 546 in
575 507 751 548 humenti
783 510 863 549 solo
890 511 1102 562 filvofisque
1131 512 1225 553 locis
1254 515 1387 558 stativa

96 566 268 608 habenti.
296 569 442 620 aliquot
466 578 595 609 tamen
621 571 702 610 dies
727 572 894 611 militum
912 575 1097 624 patientia
1119 578 1268 619 tenuit:
1292 578 1386 617 inde

97 642 167 680 per
193 630 368 670 tribunos
406 632 676 681 imperatorem
710 633 938 684 deprecati,
977 648 1066 675 cum
1092 635 1189 676 nihil
1218 638 1390 688 profice-

98 702 212 742 rent,
248 694 519 733 tumultuofius
560 703 742 746 egerunt;
780 696 916 737 frustra
956 697 1167 738 obtestante
1200 700 1390 749 Lucullo,

97 755 192 793 huuc
234 756 363 808 fizltem
398 768 584 805 extremum
621 757 767 795 laborem
802 759 1002 810 sumerent,
1040 760 1147 798 donec
1180 760 1389 812 infl’nfiffimi

99 816 208 870 hostis
238 822 517 865 monumentum,
544 817 641 856 velut
664 819 807 857 alteram
833 820 1077 873 Carthaginem
1097 821 1301 873 evertiffint.

150 878 328 919 LXXVI.
359 880 461 919 Nam
495 881 677 919 Artaxata
702 880 895 919 condendi
922 883 1053 920 auclor
1079 883 1273 922 Hannibal
1295 884 1386 924 Poe-

91 954 171 982 nus
197 941 346 990 fuerat,
382 954 471 980 cum
503 942 552 980 ad
580 943 775 981 Artaxiam
804 945 1075 982 Armeniorum
1100 957 1227 996 regem
1257 941 1387 995 profu-

97 995 168 1056 ἐυε
195 1005 316 1054 patria
345 1003 382 1043 se
414 1003 642 1043 contulisset.
681 1004 800 1057 Igitur
838 1019 905 1056 per
934 1005 1008 1045 alia
1038 1008 1156 1057 juga,
1183 1021 1302 1057 quam-
1325 1020 1387 1047 ve-

97 1074 226 1115 nerat,
242 1066 399 1105 reducto
417 1067 469 1104 cis
483 1066 654 1106 Taurum
671 1069 841 1127 pxercitu
854 1098 866 1115 ,
891 1067 1117 1106 imminente
1132 1067 1261 1107 hieme
1277 1069 1390 1120 Myg-

100 1128 258 1167 doniam
288 1128 466 1176 intravit,
502 1127 616 1167 fertili
654 1131 900 1178 amoenitate,
932 1129 1128 1179 Nifibique
1154 1129 1248 1169 urbe
1276 1131 1394 1184 (Arz-⁴

97 1189 266 1228 tiochiam
297 1191 511 1242 Mygdoniae
534 1188 654 1230 Gr'aeci
679 1194 849 1240 vocant)
874 1191 1057 1230 nobilem.

153 1251 352 1292 LXXVII.
382 1252 474 1291 Eam
500 1251 644 1290 Parthis
672 1264 760 1290 cum
783 1251 980 1295 ademisset
1005 1252 1213 1302 Tigranes,
1237 1252 1389 1294 thesau-

97 1326 231 1352 rorum
257 1312 438 1360 suorum,
465 1311 705 1362 aliarumque
735 1326 889 1363 rerum,
920 1326 1013 1364 quas
1046 1314 1247 1366 diiigenter
1278 1316 1385 1356 affer.

36 1408 39 1410 Α
99 1374 178 1412 vari
211 1372 435 1423 oportebat,
470 1372 684 1412 custodiam
711 1373 874 1423 fecerat,
901 1375 1001 1414 Gura
1030 1375 1144 1415 fratre
1171 1378 1384 1427 praepossto.

96 1436 247 1490 Eodem
267 1449 390 1486 nuper
415 1435 675 1475 Callimachus
697 1429 873 1485 venerat,
898 1437 962 1476 diu
985 1437 1137 1476 defensa
1164 1448 1295 1478 contra
1311 1440 1388 1480 Lu-

98 1497 247 1538 cullum
277 1498 406 1538 Amiso
438 1500 579 1539 notior.
623 1500 887 1551 Oppugnabat
916 1500 1052 1540 urbem
1081 1501 1217 1540 acriter
1244 1502 1384 1542 Lucul.

96 1559 182 1601 lus:
213 1560 279 1600 sed
304 1563 451 1600 munita
483 1562 631 1612 duplici
657 1576 766 1602 muro
791 1562 958 1602 lateritio
986 1576 1066 1602 non
1089 1563 1233 1615 vulgari
1261 1566 1387 1606 craffi-

97 1623 182 1669 tie,
212 1622 383 1672 fossaque
410 1622 611 1672 altiffima,
634 1636 716 1674 quae
747 1625 782 1664 ἃ
808 1623 1074 1664 machinarum
1099 1624 1176 1664 vim
1201 1638 1356 1665 omnem
1372 1656 1384 1676 ,

99 1684 138 1723 ἃ
155 1683 422 1723 cuniculorum
443 1684 556 1724 dolos
579 1698 600 1724 a
623 1698 733 1724 muro
758 1684 1003 1732 defendere-r,
1027 1687 1233 1736 expugnari
1254 1688 1384 1737 nequi-

95 1746 185 1795 bat,
208 1747 355 1796 donec,
373 1760 454 1797 quae
478 1760 603 1786 rerum
619 1746 873 1786 humanarum
887 1747 939 1786 est
953 1747 1159 1798 fragilitas,
1174 1748 1299 1789 hiems
1323 1750 1385 1788 su·

94 1809 348 1857 perveniens,
376 1808 619 1858 exploratam
654 1821 776 1860 prope
805 1808 911 1860 spem
946 1808 1075 1849 salutis
1103 1810 1143 1849 in
1171 1812 1314 1861 pestem
1344 1814 1382 1853 ἃ

95 1868 258 1909 exitium
287 1868 558 1909 Nifibenorum
580 1871 709 1909 vertit.
788 1866 789 1869 ¹

149 1930 369 1972 LXXVIII.
397 1931 544 1972 Obseffi
569 1933 697 1980 enim,
723 1931 820 1972 nihil
844 1933 1044 1973 credentes
1071 1935 1235 1984 certius,
1262 1949 1380 1986 quam

93 2001 251 2044 propter
281 1995 371 2034 anni
398 2004 551 2045 tempus
585 1995 701 2046 paulo
732 1995 817 2046 post
852 1996 1021 2035 abituros
1046 1997 1245 2037 Romanos
1280 1999 1379 2050 effe,

93 2054 353 2105 negligentius
382 2057 548 2106 agebant
574 2056 778 2096 excubias:
821 2069 909 2096 cum
936 2059 1145 2106 Lucullus,
1181 2060 1379 2104 observata

93 2121 210 2159 noete
236 2119 372 2169 illuni,
395 2135 509 2171 quam
541 2121 694 2171 insuper
716 2121 855 2171 pluviae
887 2123 922 2161 8:
949 2123 1116 2162 tonitrua
1151 2124 1379 2164 exsurdave.

93 2189 203 2228 rant,
229 2181 278 2220 ad
303 2194 454 2221 murum
483 2181 691 2233 suggreffus
715 2183 777 2222 est.
803 2184 1021 2234 Oppidani,
1037 2184 1228 2235 quidlibet
1250 2187 1378 2237 potius

93 2243 324 2293 praestolati,
364 2246 497 2294 paucis
535 2246 751 2285 admodum
790 2247 830 2285 in
866 2249 1052 2286 exteriore
1086 2262 1224 2298 muro,
1262 2252 1297 2289 ὃς
1327 2250 1378 2290 ad

94 2303 259 2352 fossam,
297 2318 379 2356 quae
407 2307 492 2357 post
521 2306 631 2347 illurn
659 2318 762 2357 erat,
797 2308 961 2360 relictis,
989 2310 1029 2349 in
1055 2311 1190 2351 urbem
1222 2312 1382 2353 conces-

151 2422 173 2465 §
200 2423 520 2482 LXJSIV3Ph1eg0n
542 2437 596 2476 ap:
621 2425 722 2460 Phot.
742 2427 834 2464 Plut.
857 2429 879 2475 §
896 2428 1050 2469 LXXVI.
1064 2428 1166 2468 Oros.
1179 2430 1219 2476 6,
1236 2440 1270 2478 3.
1290 2429 1381 2487 θὲς

100 2465 175 2516 ‚don
198 2467 219 2513 5
244 2467 416 2510 Laxxsu.
436 2469 528 2508 rint.
550 2470 698 2522 D¹0d⁹¹2
