1638 2937
290 200 354 247 30
457 182 560 229 JO.
595 180 1081 228 FREINSHEMII
1120 183 1480 231 SUPPLEM.

292 289 450 340 propius
480 287 700 328 Marianum
739 287 882 327 vallum
915 288 1031 327 castra
1061 296 1236 328 metatus.
1275 289 1311 329 Is
1345 302 1433 329 cum
1460 290 1576 330 Ruth·

293 350 389 390 lium
423 363 455 389 a.
492 350 534 407 fd.
563 349 688 400 pridie
725 349 816 388 Idus
855 347 1012 399 Junias‚
1052 363 1126 400 quo
1166 351 1228 389 die
1264 350 1380 389 Matri
1415 352 1576 391 Matutae

292 413 398 452 :saera
423 412 591 460 fiebant,
623 413 889 451 traducturum
927 412 1000 451 effe
1036 414 1164 462 copias
1191 412 1239 452 ab
1271 412 1577 463 exploratoribus

294 473 511 521 didicisset,
540 487 607 524 per
634 474 808 512 tenebras
840 475 1022 524 proximae
1054 475 1177 514 noetis
1206 475 1245 513 in
1283 474 1382 513 valle
1410 476 1578 525 quadam

295 545 515 586 opportuna
544 535 649 573 haud
683 535 820 585 procul
845 545 965 586 ponte
988 536 1185 576 Rutiliano
1212 546 1359 587 partem
1383 531 1580 588 copiaruni

292 598 333 638 in
367 598 510 637 insidiis
550 599 808 637 constituerat.

347 668 483 708 XXX.
514 668 664 707 Deinde
699 667 885 707 Rutilium
917 667 1071 706 transire
1109 680 1263 707 amnem
1293 668 1444 719 passus,
1476 669 1581 709 inva-

294 731 352 769 dit
383 742 455 768 nec
479 729 728 778 opinantem,
757 741 971 779 magnaque
1005 728 1115 767 clade
1156 729 1347 779 profligat.
1388 730 1503 770 Multi
1532 745 1582 772 ex
1622 727 1624 729 ¹

295 805 428 842 pugna
457 791 547 830 clari
583 790 807 841 nobilesque
840 790 934 838 viri,
960 803 1050 830 cum
1085 792 1173 829 oero
1211 791 1382 831 millibus
1411 792 1582 833 militum

297 846 551 894 ceciderunt:
592 867 639 893 ex
667 852 725 892 his
753 866 891 904 magna
926 866 1013 911 pars
1032 884 1044 901 ,
1072 864 1161 891 cum
1190 853 1347 903 perditis
1379 854 1491 893 rebus
1521 856 1585 893 ef-

295 918 448 968 fugium
476 916 580 955 aliud
598 929 675 955 non
704 924 873 966 pateret,
899 916 938 953 in
964 915 1049 965 ipfis
1074 916 1183 965 aquis
1203 915 1374 966 oppressa
1399 917 1461 956 est.
1484 917 1584 957 Con-

296 979 354 1019 sul
386 979 490 1029 ipse,
519 979 597 1017 telo
627 978 667 1016 in
699 986 814 1028 caput
843 979 964 1026 ictus,
996 977 1226 1028 paulo'post
1254 991 1300 1017 ex
1328 979 1485 1018 vulnere
1512 981 1586 1019 de-

299 1040 415 1079 cessit.
448 1041 560 1080 Hanc
588 1040 726 1080 Rutilii
753 1040 947 1079 fortunam
977 1039 1186 1090 superstitio
1215 1049 1386 1079 veterum
1410 1042 1459 1080 ad
1485 1042 1586 1092 spre-

298 1112 357 1143 tas
392 1104 596 1154 religiones
631 1102 788 1150 retulit,
816 1105 909 1156 quod
940 1104 1031 1142 inter
1055 1105 1330 1157 sacrificandum
1356 1108 1469 1159 capire
1491 1096 1586 1159 ]ἐι·ἱ-Δ

301 1166 397 1204 noris
422 1163 492 1203 ion
523 1177 651 1217 reperto
668 1195 680 1211 ‚
707 1177 821 1202 tamen
854 1179 984 1203 movere
1019 1167 1127 1218 aufizs
1156 1165 1230 1217 effit
1254 1181 1265 1204 .·
1292 1179 1389 1205 vana
1423 1168 1583 1206 omnino

300 1227 564 1279 persuasione,
589 1227 655 1265 nifi
684 1228 789 1277 quod
817 1234 1000 1277 apparet,
1022 1227 1137 1266 facile
1166 1236 1451 1268 contemturum
1486 1229 1588 1269 salu-

302 1293 397 1330 taria
434 1291 638 1329 hominum
673 1290 820 1328 monita
842 1289 951 1329 fuisse
967 1320 977 1337 ,
1005 1291 1069 1340 qui
1093 1290 1285 1341 Deorum,
1311 1301 1353 1331 ut
1374 1292 1455 1343 ipse
1477 1304 1587 1344 puta-

305 1352 393 1400 bat,
421 1352 565 1390 ostenta
593 1363 661 1400 pro
688 1350 811 1389 nihilo
844 1352 1012 1390 duceret.

360 1421 517 1461 XXXI.
547 1422 595 1460 At
632 1421 673 1461 C.
703 1421 873 1471 Marius,
892 1423 957 1472 qui
988 1422 1160 1461 fluminis
1194 1421 1413 1462 inferiorem
1438 1433 1588 1473 partem

303 1483 487 1531 tenebat,
513 1495 602 1521 cum
631 1483 753 1522 amnis
789 1493 948 1522 cruento
979 1483 1087 1522 alveo
1117 1496 1280 1534 corpora
1310 1487 1345 1524 Sc
1376 1498 1478 1524 arma
1512 1486 1589 1525 Ro-

304 1559 418 1586 mana
447 1544 604 1585 volvens
631 1548 713 1586 aeta
737 1547 987 1597 prodidisset,
1016 1547 1215 1586 confestim
1242 1548 1422 1588 traduftis
1452 1550 1491 1587 in
1516 1548 1587 1588 ho-

303 1610 426 1650 stilem
454 1609 575 1660 ripam
612 1610 761 1660 copiis,
784 1610 833 1648 ad
856 1610 1111 1660 expugnanda
1139 1609 1256 1649 Vettii
1295 1610 1410 1648 castra
1442 1609 1591 1649 succes.

304 1676 384 1715 sit:
418 1687 562 1725 eaque,
599 1673 949 1725 propugnatoribus
984 1673 1110 1712 subito
1142 1681 1246 1712 metu
1284 1673 1489 1724 oppreffis,
1516 1685 1590 1717 nec

310 1737 456 1777 viribus
486 1736 630 1784 modo,
660 1736 725 1775 sed
762 1730 877 1776 etia‘m
912 1749 1072 1775 numero
1100 1735 1368 1782 inferioribus,
1398 1735 1485 1785 quia
1517 1736 1590 1774 fios

308 1799 495 1838 exercitus
527 1811 602 1837 una
629 1811 716 1836 eum
746 1798 828 1849 ipso
858 1800 956 1838 duce
982 1799 1137 1846 aberat,
1165 1797 1268 1836 haud
1295 1811 1435 1848 magno
1458 1796 1591 1837 labore

309 1862 441 1910 cepit3
478 1859 628 1898 cladem
657 1858 844 1908 consulis,
875 1859 970 1898 ficut
997 1858 1179 1905 confilio,
1210 1858 1261 1896 fic
1301 1859 1416 1897 etiam
1448 1867 1590 1898 eventu

308 1923 495 1968 meliore,
513 1922 629 1960 ultus.
662 1922 784 1968 Cato,
811 1922 937 1960 castris
966 1915 1185 1968 amillis,in
1209 1920 1322 1968 loco,
1346 1920 1411 1960 ubi
1436 1935 1592 1972 pugna-

307 1992 438 2032 verat,
470 1985 718 2033 permeavit.
754 1982 956 2034 postridie,
983 1985 1086 2034 quod
1113 1986 1249 2035 exigua
1278 1993 1518 2024 commeatus
1554 1983 1590 2023 ei

309 2047 424 2095 copia
456 2044 670 2095 supererat,
706 2046 924 2085 albescente
951 2045 1052 2085 coelo
1082 2047 1275 2096 profeclus
1310 2047 1372 2085 est.

363 2114 538 2154 XXXII.
564 2116 610 2154 At
630 2116 793 2155 Romam
816 2116 918 2155 fama
941 2110 1110 2167 primuni
1137 2117 1298 2156 adversae
1317 2130 1453 2167 pugnae
1471 2114 1592 2155 vehes

311 2184 459 2224 menter
478 2177 702 2225 perterruit:
733 2179 854 2231 major
871 2179 1011 2217 deinde
1032 2178 1142 2217 dolor
1167 2179 1303 2217 exarsit
1319 2208 1330 2226 ,
1354 2191 1441 2216 cum
1459 2191 1593 2217 cruen-

312 2243 372 2274 tus
386 2236 424 2274 in
453 2237 586 2276 urbem
613 2238 747 2277 consul
768 2239 992 2288 referretur,
1024 2242 1060 2281 ὃς
1076 2248 1134 2279 tot
1153 2241 1394 2291 egregiorum
1421 2242 1592 2288 virorum

310 2297 446 2337 funcra
461 2329 472 2347 ‚
493 2298 674 2350 sepulcris
699 2304 888 2351 majorum
916 2302 1138 2351 reddenda,
1159 2310 1413 2353 portarentur.
1443 2315 1488 2341 eo
1512 2301 1590 2341 viso

361 2432 384 2476 §
409 2433 534 2465 XXIX.
560 2432 660 2467 Oros.
687 2446 716 2477 5,
735 2436 785 2468 18.
810 2437 957 2481 Appian.
973 2438 1049 2472 Liv.
1068 2438 1161 2483 Epit.
1187 2437 1209 2482 ξ
1230 2435 1355 2470 XXXI.
1377 2435 1446 2470 Jul.
1467 2435 1596 2480 Obseq-

315 2483 420 2519 Oros.
443 2484 588 2528 Appian.
616 2485 703 2520 flor.
727 2496 742 2530 3
762 2512 770 2527 ,
792 2487 845 2522 18.
