1638 2937
260 178 334 226 IN
371 177 545 224 Loc.
582 178 722 225 LIB.
761 179 934 225 LXXII
981 181 1127 229 mv,
1297 197 1352 246 ις

60 286 153 326 liam
187 288 409 336 porrectus,
443 286 545 335 apud
570 285 762 325 Bruttium
791 287 831 325 in
864 287 941 326 duo
964 286 1139 326 =2brachia
1167 287 1354 338 discedit,

59 349 182 388 altero
218 349 496 399 Leucopetram
526 348 789 400 Rheginorum
828 350 1055 400 contingens
1096 351 1145 389 ad
1179 351 1354 391 Siculum

59 411 226 460 fretum,
257 410 377 450 altero
406 413 715 461 promontorium
748 412 973 459 Lacinium,
1008 412 1111 462 quod
1139 425 1159 450 a
1193 413 1352 460 ‚Junonii

58 473 196 523 templi
234 475 466 513 ornamentis
510 474 715 525 posteriora
751 484 926 526 tempora
964 487 1068 528 caput
1109 476 1353 514 Columnarum

5 584 10 589 Ι
58 545 305 576 vocaverunt.

112 604 307 644 XXXIII.
354 603 427 643 Isto
458 603 651 642 montium
680 606 803 645 tractu
835 605 992 655 Ligures
1023 603 1225 652 habitant,
1256 617 1360 654 quos

56 665 104 705 ab
122 665 285 705 Etruscis
305 667 394 704 Arni
417 666 561 704 fluenta
579 666 762 716 separant.
786 668 882 707 Inde
905 668 1038 717 jamin
1061 668 1352 706 mediterraneis

57 727 274 774 Arretium,
300 727 348 765 ad
377 739 479 765 mare
500 726 589 771 Pisae
616 727 703 767 sunt
727 730 766 767 in
792 729 1006 768 Tuscorum
1027 729 1181 768 finibus.
1213 728 1349 769 Tuscis

58 800 105 826 ex
128 788 249 837 Lydia
268 788 387 837 repeti
409 800 528 837 genus
543 818 553 835 ,
581 801 652 827 nec
673 789 825 838 nescio,
853 802 924 828 nec
952 789 1099 830 refello.
1128 799 1277 829 tantum
1304 799 1349 829 ut

55 849 219 901 ingeniis
244 849 333 888 talia
353 848 516 888 studiose
532 850 782 899 rimantibus,
804 860 1074 901 argumentum
1091 865 1169 890 non
1187 853 1351 890 inamoe-

57 926 116 952 nae
146 912 410 962 disquisitionis
438 910 664 960 subjiciam,
701 925 780 950 non
803 912 1024 962 diffimulo,
1052 926 1120 963 per
1144 913 1241 952 mihi
1274 914 1349 952 rni-

54 988 142 1014 rum
162 975 305 1021 videri,
331 973 455 1012 nullas
484 987 614 1013 earum
641 975 814 1025 gentium
836 976 1000 1026 origines
1018 1007 1029 1024 ,
1060 978 1116 1015 uti
1141 989 1244 1015 nunc
1267 976 1350 1016 vul-

59 1049 108 1087 go
133 1035 400 1083 fieri'scimus,
424 1036 477 1074 ita
504 1036 712 1086 antiquitus
732 1039 848 1077 etiam
871 1052 892 1078 e
912 1039 1113 1078 Germania
1134 1040 1236 1089 peti,
1256 1052 1348 1079 cum

58 1106 119 1136 tot
149 1097 294 1136 exstent
323 1105 424 1135 notae
455 1096 532 1135 huc
566 1097 663 1136 trahi
697 1099 860 1139 faciles:
899 1101 1073 1151 gentium
1101 1100 1349 1150 septemtrio·-

59 1157 206 1197 nalium
233 1158 473 1197 creberrimae
500 1160 773 1210 migrationes,
806 1162 945 1201 vicinia
977 1161 1175 1210 locorum,
1206 1162 1349 1202 sermo-

57 1220 116 1260 nis
140 1221 296 1271 quidem
330 1222 447 1260 etiam
474 1222 643 1271 expressa
659 1224 822 1273 vestigia.
851 1226 952 1264 Nam
982 1227 1017 1264 ἃ
1042 1225 1080 1263 in
1107 1225 1187 1264 Asia
1214 1226 1350 1276 Lydia-

59 1297 133 1334 que
156 1283 234 1334 ipsa
260 1283 437 1324 Cimbros
461 1284 556 1323 olim
579 1285 687 1325 sedes
708 1285 881 1326 habuisse
904 1287 1066 1335 constat,
1096 1298 1137 1326 ut
1154 1289 1267 1326 etiam
1292 1290 1352 1327 in-

59 1346 108 1384 de
132 1346 259 1384 venire
282 1345 501 1385 Germanici
528 1346 723 1398 sanguinis
748 1349 882 1399 populi
905 1350 1122 1399 potuerint:
1153 1352 1188 1388 &-
1213 1362 1234 1388 e
1259 1363 1347 1389 ma-

60 1420 135 1457 gna
163 1407 367 1446 Germania
392 1421 460 1458 per
483 1409 597 1460 Alpes
626 1423 696 1449 nec
719 1411 894 1462 longior,
927 1425 998 1450 nec
1021 1411 1236 1461 difficilior,
1269 1425 1350 1452 tra-

52 1470 176 1518 jenus
198 1478 302 1517 erat,
324 1483 439 1519 quam
461 1471 588 1520 postea
617 1473 751 1513 iisdem
771 1475 934 1514 Cimbris
955 1475 1042 1514 fuit.
1066 1485 1245 1526 przeterea
1268 1490 1346 1525 quo

52 1539 228 1582 tempore
253 1531 450 1572 Hannibal
467 1533 506 1571 in
522 1534 674 1574 Italiam
701 1536 869 1585 transiit,
886 1546 1035 1587 partem
1049 1537 1205 1589 Alpium
1232 1537 1342 1577 semi-

56 1605 243 1642 germanae
266 1601 396 1642 gentes
420 1593 614 1634 tenebant.
1238 1605 1241 1608 ⁴

114 1661 304 1702 XXXIV.
334 1664 488 1702 Nomen
514 1672 642 1704 autem
666 1665 879 1706 Tuscorum
901 1676 1055 1719 propter
1076 1668 1347 1710 sacrificiorum

54 1720 261 1772 religiones
292 1737 328 1769 ,a
360 1724 498 1764 Graecis
531 1727 752 1777 impofitum
786 1730 965 1769 credatur
1002 1731 1124 1778 licet3
1161 1733 1349 1780 quemad-

54 1785 218 1823 modum
241 1784 313 1825 alia
336 1799 416 1825 non
442 1787 568 1827 minus
590 1788 718 1839 inepta
742 1791 978 1831 creduntur:
1007 1792 1098 1830 dum
1125 1805 1173 1831 ne
1196 1792 1344 1842 ignore-

51 1858 164 1893 mus,
192 1859 294 1884 nunc
320 1861 473 1898 quoque
504 1849 715 1889 Germanos
750 1851 849 1890 inter
879 1852 943 1900 se,
968 1863 1035 1892 aut
1063 1867 1083 1892 a
1108 1853 1344 1904 consanguio

49 1908 131 1946 neis
153 1909 392 1959 nationibus,
418 1914 540 1963 Lydos
573 1921 688 1963 atque
713 1914 841 1966 Tuscos
868 1915 1071 1955 nominari.
1100 1916 1174 1956 Sed
1202 1919 1237 1955 ἃ
1262 1918 1346 1954 Ita-

49 1969 158 2018 liam,
186 1971 251 2009 nifi
277 1985 392 2021 quem
426 1973 608 2014 fabulosae
639 1974 832 2015 delectant
863 1978 1049 2028 origines,
1076 1992 1096 2017 a
1122 1978 1255 2018 Tuscis
1278 1992 1344 2029 ap-

48 2031 229 2081 pellatam
249 2034 361 2073 fuiffe
380 2034 544 2086 suspicio
573 2038 649 2087 est,
669 2038 737 2085 iis,
762 2039 939 2090 inquam,
968 2041 1126 2090 Tuscis,
1157 2044 1220 2092 qui
1248 2042 1344 2081 sub-

50 2092 190 2139 jeftam
219 2093 377 2145 Alpibus
413 2097 610 2147 regionem
644 2107 874 2148 tenuerunt,
904 2101 943 2140 in
969 2101 1068 2140 valle
1098 2102 1202 2154 (hoc
1237 2103 1342 2142 enim

50 2151 175 2200 ipsum
217 2155 403 2204 fignificat
441 2158 583 2212 Italia)
625 2160 664 2199 se
703 2161 876 2200 habitare
917 2162 1185 2202 indicantibus.
1232 2164 1339 2213 Quid

49 2215 155 2263 quod
188 2217 338 2255 Bodinci
374 2233 517 2259 nomen
552 2221 653 2261 Pado
690 2225 904 2273 antiquitus
945 2224 1137 2273 inditum,
1167 2226 1229 2264 vix
1265 2225 1340 2266 alia

48 2275 89 2312 in
114 2275 242 2327 lingua
267 2282 507 2321 notationem
523 2312 533 2330 ,
561 2296 676 2333 quam
700 2286 732 2322 ei
764 2284 898 2323 tribuit
921 2285 1087 2334 Plinius,
1117 2288 1238 2326 fundo
1269 2300 1341 2326 ca-

47 2341 168 2379 rentis
204 2341 401 2384 invenerit.
451 2346 558 2396 Quid
589 2348 669 2395 jam
705 2356 810 2388 extra
849 2347 999 2388 Italiam
1038 2351 1240 2401 regiones,
1270 2351 1335 2391 sed

100 2477 124 2522 §
149 2477 296 2514 XXXII.
319 2479 440 2519 Justin.
458 2493 518 2526 20,
539 2493 570 2526 5.
586 2484 755 2530 supplem.
772 2484 851 2522 Liv.
863 2486 888 2521 1.
905 2497 961 2523 ιο.
982 2487 1005 2533 S
1029 2487 1188 2526 XXXIII.
1206 2487 1342 2524 Strabo.
