1638 2937
227 187 323 235 430
390 171 479 217 JO.
528 171 1031 219 FREINSHEMII
1065 175 1411 222 SUPPLEM.

280 278 467 320 XXVIII.
501 279 576 318 Sed
597 278 681 328 ille,
707 279 866 330 placatis
889 290 1088 332 utcunque
1119 279 1325 332 militibus,
1347 284 1386 322 in
1413 282 1512 333 Cap-

223 342 431 393 padociam
467 341 596 390 duxit,
634 350 674 380 ut
705 342 758 380 ibi
793 342 1057 382 Ariobarzanis
1092 343 1231 393 opibus
1265 344 1509 394 amicitiaque

226 403 475 454 apparandiS,
501 416 583 453 quae
607 403 693 442 usus
718 403 806 443 belli
833 405 1066 454 poscebant,
1088 406 1324 454 instrmstior,
1348 406 1415 445 ubi
1438 406 1510 455 pri-

223 479 334 506 mum
362 475 515 515 tempus
550 467 641 504 anni
679 475 871 516 pateretur
892 497 902 515 ‚
940 466 1175 518 Euphratem
1215 466 1509 506 transcenderet.

222 528 314 574 Hoc
344 541 445 566 anno
471 528 612 567 tristem
643 528 682 567 in
708 529 802 568 urbe
827 530 1026 569 censuram
1052 530 1093 570 L.
1119 528 1263 569 Gellius
1290 526 1510 578 Puplicola‚

226 590 296 630 Cn.
323 588 519 629 Cornelius
535 590 720 629 Lentulus
737 590 945 629 Clodianus
963 599 1142 641 egerunt,
1168 600 1328 640 quatuor
1346 593 1380 630 ὃς
1403 589 1511 629 sexa-

226 655 332 704 ginta
362 652 493 693 senatu
530 654 659 691 motis.
704 653 748 693 In
787 652 844 691 his
880 655 915 692 Sc
957 653 998 692 C.
1023 653 1210 691 Antonius
1244 653 1345 700 fuit,
1385 651 1513 692 Marci

172 725 175 728 '
226 718 387 756 oratoris
424 716 551 762 filius,
580 716 644 754 cui
678 714 805 754 causas
838 715 1143 766 subscripserunt
1171 716 1374 762 censores,
1403 713 1512 765 quod

225 779 348 819 socios
377 778 597 828 diripuerit3
625 778 728 827 quod
751 778 964 826 judicium,
982 778 1084 827 apud
1112 777 1167 817 M.
1194 776 1398 816 Lucullum
1420 788 1514 826 prae-

227 852 349 881 torem
375 840 594 887 accusatus,
624 838 802 878 recusarit
826 840 927 889 turpi
959 838 1214 890 allegatione,
1240 840 1280 890 fi'
1305 853 1379 876 cum
1415 838 1512 875 Grae-

225 904 278 942 cis
304 901 500 940 hominibus
527 903 566 940 in
596 903 675 939 urbe
705 916 773 938 non
793 901 888 954 poff}
918 915 1012 954 aequo
1032 902 1112 955 jure
1145 903 1342 940 contendere
1356 916 1373 949 ,·
1405 899 1513 951 quod

226 971 385 1013 propter
409 962 490 1000 aeris
518 961 634 1000 alieni
659 961 967 1011 magnitudinem
994 961 1135 1011 praedia
1164 959 1415 1012 manciparit,
1447 960 1514 999 bo·

228 1035 352 1074 naque
385 1023 449 1061 sua
478 1023 519 1061 in
548 1022 736 1072 potestate
772 1035 851 1061 non
886 1021 1056 1063 haberet.
1106 1023 1231 1063 Etiam
1266 1024 1301 1063 P.
1328 1021 1512 1062 Lentulus

227 1087 348 1133 Sura,
373 1087 437 1136 qui
472 1098 596 1135 nuper
633 1083 766 1123 consul
802 1085 950 1132 fuerat⁷
979 1085 1108 1125 senatu
1142 1095 1269 1123 motus
1294 1085 1369 1131 est,
1398 1086 1433 1123 ἅ
1459 1083 1511 1134 Ω.

228 1149 367 1188 Curius
401 1147 616 1186 notissimus
649 1147 821 1195 aleator,
856 1149 1048 1194 ceterique
1080 1157 1172 1182 mox
1203 1146 1250 1182 ad
1287 1145 1516 1184 Catilinariae

230 1208 510 1246 COHjurdtionie
530 1207 651 1247 scelus
675 1217 849 1248 nontam
873 1209 946 1246 hac
968 1204 1137 1244 censoria
1154 1212 1271 1252 nota,
1290 1217 1403 1254 quam
1429 1215 1517 1242 cau-

226 1262 273 1302 fis
299 1262 406 1307 aliis,
434 1262 597 1312 impulsi.
1538 1261 1543 1268 ’

281 1325 437 1365 XXIX.
470 1325 644 1365 Lustrum
675 1325 815 1366 deinde
850 1328 1051 1368 conditum
1079 1331 1141 1369 est.
1181 1329 1319 1368 civium
1351 1326 1515 1378 amplior

230 1401 345 1438 quam
371 1397 460 1426 ante
484 1401 693 1434 numerus,
717 1391 882 1440 receptis
908 1391 947 1428 in
968 1391 1072 1428 idem
1095 1395 1155 1440 jus
1181 1393 1368 1431 sociorum
1393 1402 1517 1441 popu-

228 1448 297 1496 lis,
318 1449 403 1488 fuit.
428 1449 552 1499 capita
576 1459 772 1500 nongenta
808 1450 1085 1501 quinquaginta
1111 1451 1231 1490 millia
1262 1452 1384 1490 censa.
1412 1450 1518 1490 Prin..

227 1513 356 1562 cipem
384 1510 533 1550 senatus
565 1513 615 1561 Ω.
647 1512 842 1552 Lutatium
873 1513 1053 1552 Catulum
1089 1513 1275 1564 legerunt.
1314 1513 1382 1552 Per
1408 1513 1515 1551 idem

231 1583 386 1623 tempus
420 1574 462 1613 L.
491 1574 671 1613 Metellus
699 1575 836 1614 Siciliae
870 1585 1034 1626 praetor‚
1058 1588 1138 1614 rem
1169 1574 1346 1614 adversus
1375 1575 1518 1624 piratas

230 1637 410 1688 prospere
433 1638 551 1688 geffit.
576 1639 676 1678 Nam
699 1639 798 1677 inter
823 1639 1066 1679 foeclislimam
1095 1639 1136 1678 C.
1160 1638 1283 1677 Verris
1310 1646 1517 1687 praeturam

217 1699 415 1753 *Pyrganio
458 1699 685 1749 archipirata
726 1700 1002 1750 Syracusanum
1041 1709 1220 1751 portum,
1254 1698 1360 1749 pulsa
1405 1695 1518 1736 classe

231 1759 431 1807 Romana,
455 1760 700 1810 obtinuerat,
725 1761 965 1813 insulamque
989 1763 1080 1801 inde
1105 1762 1271 1802 caedibus
1299 1760 1518 1811 rapinisque

220 1822 368 1870 ‚misere
396 1823 571 1862 vexabat.
612 1825 728 1864 Hunc
755 1825 871 1874 igitur
903 1824 1088 1864 Metellus
1122 1824 1282 1863 terrestri
1313 1823 1515 1871 navalique

234 1885 372 1936 proelio
412 1886 555 1924 vietum
598 1887 803 1937 profugere
842 1900 891 1925 ex
936 1887 1064 1927 Sicilia
1101 1887 1228 1937 coegit
1252 1916 1264 1934 ‚
1301 1896 1518 1936 pacemque

234 1949 442 1999 provinciae
470 1949 654 1989 reddidit.

300 2011 434 2051 XXX.
474 2010 608 2050 Finem
641 2010 755 2059 hujus
790 2011 878 2050 anni
915 2010 1045 2050 laetum
1077 2011 1189 2059 urbi,
1229 2011 1351 2050 reditu
1377 2010 1443 2050 suo
1477 2011 1519 2051 in

233 2074 417 2123 gratiam,
447 2073 524 2111 duo
553 2072 801 2120 potentiffimi
833 2074 902 2112 viri
932 2075 1136 2123 pompejus
1171 2072 1393 2122 Crassusque
1423 2086 1517 2112 con·

233 2133 330 2174 sules
358 2135 493 2173 fecere.
527 2134 586 2174 Illi
621 2134 803 2174 haetenus
826 2135 1060 2174 retinuerant
1094 2135 1279 2172 exercitus
1307 2133 1414 2180 suos,
1451 2146 1517 2171 ne-

234 2208 308 2244 que
339 2194 529 2245 populum
554 2207 723 2234 extrema
753 2208 912 2245 quaeque
941 2195 1037 2234 inter
1067 2194 1257 2234 discordes
1287 2197 1321 2234 S<
1346 2193 1517 2244 praevali-

233 2257 304 2307 <jos
334 2267 604 2305 metuentem,
636 2270 726 2298 cum
758 2271 824 2298 eos
856 2267 1035 2309 rogaret,
1070 2265 1113 2296 ut
1137 2256 1378 2296 reconciliari
1411 2266 1517 2306 pate-

286 2389 306 2415 r<
334 2389 494 2422 xarum.
520 2389 641 2421 Areon.
666 2390 700 2422 in
725 2366 810 2434 rog.
844 2391 939 2423 cana,
958 2389 1033 2422 mv.
1054 2391 1144 2434 Epit.
1171 2390 1259 2422 Piut.
1281 2387 1460 2421 arscaesae.
1485 2395 1519 2424 ς.-

241 2432 264 2477 S
290 2433 412 2466 XXlX.
432 2434 519 2467 Plut.
538 2435 570 2466 in
596 2436 668 2466 Cic.
690 2448 719 2467 c.
741 2446 792 2470 22.
817 2436 961 2470 Diodor.
984 2437 1007 2471 l.
1029 2439 1068 2468 20
1089 2435 1123 2468 ὃ(
1147 2445 1200 2477 27.
1224 2433 1356 2469 Sallust.
1378 2432 1520 2468 Catil'm·

240 2490 271 2512 c.
299 2488 352 2522 23.
374 2478 449 2511 Liv.
470 2480 560 2524 Epir.
578 2478 682 2515 Oros.
718 2486 731 2493 “
