1638 2937
257 182 336 229 IN
375 181 550 228 LOC.
595 181 732 228 LIB.
784 181 953 227 LXXII
1013 183 1165 230 LIV.
1304 200 1360 247 17

73 285 218 329 {talicae
249 284 509 336 appellatione
545 280 763 323 communis
793 285 969 325 omnium
1007 288 1155 328 civitas.
1192 288 1362 341 itemque

72 347 238 390 Nasonis
262 347 409 398 origine
434 346 556 385 clarus
585 346 729 387 Sulmo.
760 347 803 386 ln
830 347 950 387 latere
976 349 1219 400 Pelignorum
1244 353 1363 391 Vesti-

73 424 289 461 norumque
318 410 429 450 Marsi
455 410 645 450 Fucinum
669 410 797 450 lacum
827 412 1034 462 accolunt,
1060 412 1260 454 celebratae
1284 416 1366 462 for-¹

72 474 249 512 titudinis
278 473 374 520 viri,
407 472 503 511 adeo
537 473 722 523 quidem,
756 481 796 511 ut
826 474 993 525 eousque
1023 488 1148 525 neque
1180 479 1227 515 de
1255 478 1368 517 Mar-

71 533 117 573 fis
146 534 301 581 Romae,
332 546 454 583 neque
484 535 558 573 fine
582 535 713 574 Marsis
747 536 1028 586 triumphatum
1052 537 1126 576 ess'e
1152 539 1281 588 opinio
1308 550 1363 578 te-

72 597 211 635 nuerit.
248 597 436 645 Praecipua
462 597 617 636 urbium
642 598 880 638 Marruvium
904 600 999 639 fuit:
1028 600 1167 639 deinde
1193 601 1289 640 Alba
1310 603 1363 641 ad,

72 657 291 707 Fucinum,
320 658 485 698 colonia.
513 660 619 699 Hinc
635 659 845 709 AEquorum
872 669 1018 700 veteres
1040 661 1158 711 fines,
1186 662 1250 702 sed
1276 675 1363 705 tum

73 721 184 761 Latio
221 721 454 767 contributi,
491 721 676 761 Carseolis
709 724 876 761 maxime
915 723 1191 773 gloriabantur.
1228 727 1303 765 Sed
1338 741 1361 767 a

72 782 262 833 Pelignis,
294 785 328 821 ἃ
357 784 471 833 Sagro
500 783 660 822 flumine
682 784 881 823 Samnium
908 784 1026 834 longo
1053 788 1176 830 trafftu
1202 788 1362 838 porrigi-

73 853 179 893 tur,
198 845 352 895 antiqua
379 845 480 885 fama
510 847 545 885 ἃ
570 845 750 884 maximis
778 845 934 885 urbibus
962 845 1136 894 clarum,
1164 848 1358 900 AEsernia,

74 908 272 954 Boviano,
300 909 361 954 ὃς,
389 908 493 958 quod
515 920 618 946 nunc
640 920 793 957 quoque
815 909 930 947 veteri
955 910 1147 950 vocabulo
1164 912 1359 963 noscitur,

75 969 308 1010 Benevento.

133 1037 358 1078 XXXVIII.
396 1036 613 1088 Campaniae
650 1037 769 1078 etiam
804 1051 888 1088 pars
915 1039 1091 1080 montosa
1128 1042 1364 1082 Samnitibus

73 1098 335 1138 conneftitur:
363 1099 403 1136 in
428 1112 503 1149 qua
525 1099 611 1150 post
638 1099 831 1148 Capuam,
860 1101 990 1140 Cumae
1010 1132 1021 1149 ,
1053 1103 1228 1151 Puteoli,
1261 1105 1363 1144 Nea-

72 1160 194 1211 polis,
224 1160 412 1209 Nuceria,
448 1169 531 1200 tum
559 1174 711 1212 quoque
736 1161 863 1201 adhuc
888 1163 1061 1213 Pompeji
1088 1174 1221 1213 erant,
1250 1166 1362 1205 nobi-

71 1222 208 1262 lissima
233 1223 389 1273 oppida.
417 1224 595 1264 Teanum
624 1232 804 1274 praeterea
827 1227 862 1264 Sc
891 1225 1069 1265 Larinum
1094 1227 1270 1268 Frentani
1294 1243 1363 1280 po·
1406 1252 1409 1255 ·

71 1284 155 1334 puli
176 1284 341 1324 fuerunt.
372 1293 410 1323 at
432 1285 515 1335 post
540 1285 803 1325 Beneventum
827 1285 1028 1325 coluerunt
1053 1289 1230 1339 Hirpini:
1269 1304 1364 1340 quo.

71 1358 158 1385 rum
173 1345 288 1384 urbes
306 1346 529 1396 Aquilonia,
555 1346 774 1387 Abellinum
789 1378 799 1395 ,
817 1348 1060 1389 AEsculanum
1088 1360 1363 1391 memorantur.

73 1407 242 1447 Lucania
277 1408 416 1446 deinde
448 1408 616 1458 sequitur
646 1423 781 1462 magna
810 1410 942 1460 regio:
974 1411 1111 1460 urbes,
1135 1413 1261 1460 Velia,
1289 1413 1365 1452 Co-

72 1469 168 1518 piae,
196 1467 429 1508 Thuriorum
460 1470 586 1520 prius,
616 1472 652 1510 δε
676 1483 765 1509 ante
794 1471 986 1520 Thurios,
1016 1473 1171 1525 Sybaris
1196 1475 1357 1514 nomine

71 1527 299 1576 nobiliores3
334 1530 613 1579 Grumentum,
642 1531 835 1571 Potentia.

125 1597 324 1637 XXXIX.
354 1598 455 1637 Hinc
479 1599 619 1638 deinde
647 1613 714 1650 per
738 1602 903 1641 Bruttios
936 1605 971 1643 Sc
996 1612 1208 1644 extremum
1237 1605 1359 1646 Italiae

73 1659 258 1710 angulum
283 1660 503 1709 Apenninus
530 1661 694 1701 Siciliam
725 1663 849 1702 versus
874 1664 1055 1706 sinuatur.
1102 1667 1266 1717 Tempsa
1292 1667 1363 1707 ho..

73 1735 160 1761 rum
185 1730 290 1770 erat,
325 1722 423 1761 Vibo
453 1723 627 1762 Valentia
654 1754 664 1771 ,
698 1727 732 1764 Sc
761 1725 1016 1767 celeberrimae
1046 1730 1220 1768 omnium
1255 1730 1363 1770 Rhe-

73 1785 178 1835 gium
210 1785 245 1823 Sc
270 1784 392 1823 Locri.
434 1784 564 1825 Tertia
599 1799 685 1836 pars
717 1786 859 1836 Italiae,
889 1802 970 1839 quae
997 1799 1128 1829 monte
1156 1793 1361 1842 Apennino

74 1849 110 1886 &
132 1847 227 1885 mari
251 1847 373 1885 infero
400 1846 616 1896 clauditur,
643 1850 766 1899 primo
799 1851 956 1900 quidem
983 1852 1188 1903 Ligurum,
1218 1855 1360 1894 deinde

71 1909 314 1950 Etruscorum
341 1909 505 1960 populos
543 1914 743 1960 continet,
779 1923 939 1963 utraque
966 1924 1079 1966 gente
1113 1931 1133 1956 a
1161 1918 1359 1958 montibus

70 1970 121 2009 ad
142 1969 231 2009 litus
254 1972 453 2019 pori-esta,
473 1970 658 2022 suumque
692 1986 835 2012 nomen
869 1975 1011 2023 dante,
1047 1990 1161 2028 quam
1193 1979 1360 2027 accolit,

70 2035 172 2085 parti
200 2036 327 2074 maris.
357 2035 439 2074 Post
464 2036 651 2075 Etruriam
676 2037 827 2076 Latium
851 2039 903 2078 est
933 2040 1063 2080 Tiberi
1088 2042 1248 2080 flumine
1279 2044 1362 2080 dis-

72 2097 247 2145 junCtum
262 2127 273 2145 ,
298 2097 363 2136 ubi
387 2106 503 2149 caput
522 2111 601 2137 non
619 2099 738 2139 Italiae
761 2102 881 2140 modo
895 2132 907 2150 ‚
927 2102 992 2141 sed
1007 2116 1128 2154 prope
1152 2104 1255 2143 orbis
1278 2104 1362 2142 uni-

72 2159 164 2197 verfi
185 2158 312 2199 Roma
344 2160 406 2199 est.

127 2219 213 2258 XL.
236 2220 373 2270 Ampla
400 2222 530 2273 regio,
556 2220 675 2261 validi
700 2223 857 2273 populi,
881 2223 1119 2264 nobiliffimae
1146 2226 1259 2265 urbes
1283 2225 1358 2267 hac

71 2290 178 2332 parte
202 2280 322 2320 Italiae
344 2282 510 2322 fuerunt.
545 2293 678 2333 praeter
704 2287 906 2335 antiquum
935 2287 1085 2326 LatIum
1101 2317 1114 2335 ,
1139 2288 1292 2336 Rutuli,
1318 2292 1356 2329 Sc

71 2344 242 2385 Aurunci
271 2346 320 2385 ad
351 2347 465 2385 maris
496 2360 628 2388 oram:
663 2349 822 2388 interius
845 2348 996 2399 Volsci,
1027 2350 1208 2401 Hernici,
1229 2352 1356 2404 AEqui.

118 2479 141 2524 §
165 2477 342 2512 XXXVII.
368 2480 477 2514 strab.
499 2480 587 2515 Flor.
614 2493 626 2516 1
644 2507 655 2526 ,
681 2493 733 2519 ιι.
766 2482 789 2530 ἓ
815 2483 1008 2523 XXXVIII.
1032 2483 1248 2520 Ptolemaeus.

175 2543 225 2589 T.
254 2545 348 2593 Liv.
377 2547 474 2592 Vol.
499 2547 591 2597 IX'.
1106 2547 1141 2594 B
