1638 2937
275 173 384 246 ‘204
471 185 1505 235 J.O.FRE1NSHEM118UPPLEM.

288 306 364 343 qua
385 291 571 334 bellatum
592 292 631 331 in
648 293 796 333 Boeotia
813 301 912 342 erat,
932 292 1201 342 Mithridates,
1217 293 1298 344 post
1318 294 1481 344 primam
1501 293 1568 333 Ar-

288 353 414 394 chelai
443 354 592 394 cladem
620 354 761 394 saevitia
786 356 978 406 ingenita,
1010 356 1046 395 ἃς
1074 354 1269 394 levitatem
1295 355 1572 396 Afiaticorum‚'

286 429 338 456 ne
361 429 448 456 cum
472 418 626 456 fortuna
648 426 844 457 'mutarent
864 417 1058 465 animum,
1079 419 1218 456 veritus
1233 448 1242 465 ‚
1269 429 1469 467 occupare‘
1482 429 1567 467 per-

283 478 419 518 fidiam
441 478 512 518 alia
527 479 704 530 perfidia,
723 481 779 528 ἃ,
796 480 1013 530 priusquam
1036 480 1273 519 occaiionem
1298 479 1465 518 nocendi
1486 479 1566 518 adi-

283 542 544 593 piscerentur‚
579 543 728 582 auferre
755 543 981 593 potestatem
1009 544 1159 583 statuit:
1193 541 1458 593 suspestosque
1483 540 1567 591 pas-

283 603 354 643 sim
381 611 421 644 ut
444 605 484 642 in
507 616 622 643 manu
648 603 824 652 haberet,
852 618 1008 654 operam
1033 606 1154 644 dedit

336 666 544 707 XXXVII.
565 668 663 706 Ante
687 667 818 705 omnia
839 667 1095 718 Gallograecos
1109 698 1119 716 ,
1137 674 1329 718 quotquot
1350 664 1567 706 Tetrarchi-

282 729 318 767 ci
341 729 486 780 generis
505 737 634 774 erant,
653 728 831 767 amicitiae
847 729 972 778 specie
987 729 1224 779 Pergamum
1230 737 1427 777 evocatos,
1450 726 1568 767 sustu-

283 787 353 830 lit:
394 802 482 829 cum
505 789 675 840 ipsorum
705 789 855 828 infidias
886 789 948 829 vix
975 789 1154 829 evitasset.
1188 791 1245 830 Ad
1274 789 1470 840 sexaginta
1495 802 1566 829 nu-

283 865 390 892 mero
411 859 696 899 convenerant,
726 853 787 898 ὃς,
808 863 897 890 cum
925 851 1108 891 serviliter
1136 851 1173 891 se
1194 851 1323 891 haberi
1347 860 1567 899 cernerent,

284 914 596 964 conspiraverant
620 915 660 954 in
684 927 819 954 necem
851 914 960 964 regis.
998 915 1194 965 Praecipuo
1224 914 1361 954 robore
1388 915 1567 955 Toredo-

283 978 345 1016 rix
379 977 536 1026 quidam
575 984 680 1024 erat,
714 975 969 1025 Tosxoporum
1000 975 1201 1015 tetrarcha.
1234 975 1264 1015 is
1299 976 1567 1017 Mithridatem

283 1038 325 1078 in
355 1039 549 1089 gymnasio
575 1040 636 1087 jus
660 1038 854 1077 dicentem
872 1068 884 1083 ,
914 1051 1001 1077 cum
1024 1037 1104 1088 ipso
1129 1038 1310 1078 tribunali
1333 1039 1373 1077 in
1398 1051 1564 1090 praeceps

284 1101 468 1148 daturus,
500 1113 589 1140 cum
615 1101 714 1139 forte
733 1114 780 1140 eo
808 1101 870 1140 die
892 1101 1138 1141 Mithridates
1161 1102 1200 1139 in
1229 1102 1464 1153 gymnasium
1487 1115 1567 1142 non

282 1162 530 1210 ascendisset,
557 1163 601 1200 in
627 1162 733 1201 suam
765 1163 925 1201 domum
963 1173 1220 1211 convocatos,
1249 1165 1337 1202 bono
1363 1165 1477 1202 animo
1503 1164 1567 1216 ff

282 1223 409 1272 juffit,
437 1225 472 1263 δ’
500 1225 750 1276 quamprimum
780 1226 865 1263 daca
894 1227 1023 1277 occasio
1038 1226 1160 1278 foret,
1184 1226 1334 1278 undique
1345 1227 1475 1280 striais
1493 1239 1569 1264 mu·

282 1285 445 1323 cronibus
468 1285 630 1337 impetum
655 1287 691 1324 in
716 1300 822 1338 regem
842 1285 968 1338 facere.

335 1347 563 1388 XXXVIII.
589 1348 665 1388 Sed
677 1379 686 1396 ,
703 1361 742 1388 re
759 1349 928 1397 detedta,
942 1347 1187 1389 Mithridates
1212 1361 1345 1388 omnes
1365 1360 1453 1388 cum
1469 1362 1567 1389 uxo-

282 1408 390 1448 ribus
421 1411 457 1449 &
481 1408 612 1449 liberis
639 1411 856 1457 interfecit,
887 1410 1080 1460 sepultura
1105 1423 1260 1461 quoque
1284 1420 1431 1461 negata.
1469 1412 1565 1451 Tres

283 1472 557 1510 tantummodo
586 1472 678 1522 fuga
713 1472 860 1512 servati.
900 1472 1103 1512 Pecuniam
1129 1486 1284 1511 omnem
1318 1473 1567 1513 Mithridates

283 1532 467 1582 diripuit:
507 1534 718 1584 missoque,
743 1536 809 1584 qui
830 1536 935 1586 genti
961 1528 1148 1585 praeesset,
1172 1536 1396 1584 Eumacho,
1430 1536 1566 1576 Gallo-

283 1595 460 1644 graeciam
487 1596 526 1634 in
549 1596 757 1646 provinciae
780 1597 946 1636 formam
973 1597 1129 1647 redegit.
1164 1598 1238 1641 Sed
1260 1598 1326 1647 qui
1353 1596 1568 1648 effugerant

283 1656 431 1707 reguli,
463 1670 625 1707 quorum
653 1657 874 1697 clariffimus
908 1658 1112 1707 Dejotarus
1145 1658 1210 1697 diu
1243 1658 1325 1708 post
1355 1658 1437 1697 haec
1464 1667 1568 1698 tem-

281 1729 378 1767 pora
403 1717 522 1756 vitam
544 1731 782 1769 regnumque
808 1719 1009 1769 produxit,
1034 1718 1195 1758 collecta
1223 1718 1467 1769 popularium
1485 1733 1566 1759 ma.

282 1792 358 1826 nu,
393 1779 628 1819 Mithridatis
664 1782 834 1831 praefidia
871 1794 960 1820 cum
993 1781 1074 1832 ipso
1107 1782 1286 1832 praefeeto
1320 1781 1565 1832 expulerunt.

283 1839 401 1879 Chios
416 1839 544 1879 adhuc
562 1842 708 1891 gravior
730 1842 924 1882 calamitas
947 1843 1137 1893 oppreffit.
1160 1843 1366 1894 publicatis
1387 1845 1566 1884 omnium

282 1901 420 1949 bonis,
448 1903 513 1952 qui
541 1904 701 1953 profecti
729 1905 777 1942 ad
802 1904 946 1944 Sullam
972 1905 1142 1953 fuerant,
1175 1907 1316 1945 deinde
1336 1906 1471 1954 miffis,
1498 1908 1566 1956 qui

280 1962 325 2002 in
356 1964 562 2005 factionem
594 1965 808 2006 Romanam
833 1966 1090 2016 inquirerent,
1127 1967 1318 2016 postremo
1345 1966 1433 2005 cuin
1459 1967 1567 2007 mili-

281 2025 355 2062 tari
387 2037 501 2063 manu
529 2025 723 2066 Zenobius
750 2026 885 2076 affuit,
913 2026 1145 2067 dillimulato
1173 2028 1353 2077 confilio,
1381 2036 1566 2080 tanquam

280 2086 323 2126 in
351 2087 534 2127 Graeciam
559 2090 797 2138 trajectarus.

336 2148 535 2190 XXXIX.
567 2149 602 2190 Is
624 2152 812 2189 nocturno
840 2157 1014 2201 tempore
1037 2162 1165 2188 muros
1191 2149 1318 2198 urbis,
1347 2151 1408 2198 ἃ,
1428 2150 1456 2190 fi
1479 2164 1565 2202 quae

280 2207 356 2248 alia
378 2216 466 2260 apta
483 2207 692 2249 defensioni
713 2211 800 2251 loca
826 2222 934 2251 erant
948 2242 959 2260 ,
981 2212 1211 2262 occupavit,
1239 2213 1276 2251 Sc
1291 2241 1303 2260 ,
1324 2212 1493 2263 praefidio
1512 2215 1563 2253 ad

281 2280 411 2323 portas
433 2273 649 2323 collocato,
675 2288 743 2325 per
767 2287 985 2326 praeconem
1015 2276 1166 2328 hospites
1188 2275 1378 2328 quiescere,
1408 2277 1565 2328 oppida-

283 2348 348 2372 nos
375 2335 414 2372 in
446 2337 640 2375 concionem
669 2339 845 2390 procedere
877 2337 1003 2387 justit,
1037 2337 1216 2376 mandata
1247 2337 1343 2387 regis
1374 2346 1565 2388 acceptu-q

286 2453 377 2532 Ριξξι
377 2455 550 2493 XXXVH.
574 2458 663 2491 Prut.
685 2460 725 2493 de
746 2459 830 2493 virt.
853 2459 983 2495 mulier.
1007 2471 1038 2495 c.
1060 2469 1118 2503 44.
1151 2459 1175 2506 5
1199 2458 1389 2497 XXXVIII.
1411 2459 1562 2505 Appiam
