1638 2937
286 179 381 239 564
446 179 1493 232 JO.FRE1NSHEMIISUPPLEM*;

345 285 396 324 X.
433 286 587 337 Quippe
613 288 791 338 Cyziceni
826 290 864 327 in
888 291 1122 339 cognomine
1146 287 1267 328 insula
1298 291 1346 329 ad
1366 291 1573 342 Propontis

292 344 383 383 dem
409 345 613 395 colebant3
641 349 676 388 Sc
708 348 971 396 Mithridates,
996 347 1120 387 milite
1143 349 1341 388 abundans
1357 380 1368 398 ,
1392 351 1525 389 decem
1547 362 1571 389 a

290 415 388 448 terra
412 411 538 451 castris
567 413 756 463 oppidum
785 413 993 454 allidebat:
1027 416 1062 453 δε
1083 414 1131 452 ad
1150 414 1310 462 fretum,
1330 428 1405 465 q-uo
1429 430 1450 455 a
1470 428 1571 455 con-

291 469 428 510 tinenti
454 473 670 523 dirimitur,
702 484 864 526 utroque
891 476 1005 514 latere
1036 489 1151 515 naves
1185 477 1476 528 quadringentas
1507 476 1572 517 ad.

287 541 488 574 moverat:
527 537 563 574 Sc
588 536 759 584 barbari,
783 537 959 577 Romana
996 537 1110 576 castra
1145 537 1266 587 digito
1294 537 1571 586 monstrantes,

290 591 454 634 obsessos
481 595 653 636 horribili
688 600 890 638 mendacio
925 599 1141 647 terrebant,
1170 594 1412 638 Armeniorum
1438 602 1570 640 Medo-

286 667 424 706 mmque
446 658 562 709 mistas
581 675 604 697 a
630 660 778 711 Tigrane
794 662 911 712 copias
931 661 979 698 ibi
994 660 1131 711 consedi
1161 675 1176 696 e
1190 690 1201 707 ,
1226 660 1454 700 dictitantes
1479 660 1571 699 Non

289 720 421 754 tamen
448 719 731 768 desponderunt
757 721 953 769 animum,
978 733 1209 770 quamquam
1238 720 1384 760 summa
1414 731 1572 760 conten-

288 774 395 815 tione
426 780 679 831 omnibusque
703 782 848 821 viribus
879 793 1200 833 oppugnarentur.
1235 782 1385 821 Etenim
1419 781 1571 822 Mithri-

291 837 422 886 dates,
453 852 564 892 capto
599 843 805 893 suburbio,
833 845 982 883 navalia
1015 844 1160 894 duplici
1194 858 1302 883 muro
1334 843 1573 895 obsepserat2

292 899 329 936 &
349 899 490 950 reliqua
520 903 612 943 urbe
642 905 950 953 circumvallata,
984 918 1143 955 magnos
1175 905 1368 943 excitabat
1395 917 1570 955 aggeres,

289 960 439 1012 aliaque
476 979 594 1016 opera
631 967 753 1007 multa
791 967 956 1007 studiose
990 967 1181 1015 faciebat,
1212 976 1331 1006 turres
1356 969 1392 1007 Sc
1417 967 1574 1006 testudi-

287 1033 381 1071 nes,
428 1027 463 1064 (ἵε
494 1028 681 1078 insignem
710 1038 798 1068 ante
831 1029 920 1068 alias
952 1028 1197 1074 machinam,
1229 1038 1383 1068 centum
1411 1028 1570 1067 cubito-

286 1096 372 1124 rum
402 1085 619 1139 helepolim,
648 1105 669 1130 e
693 1105 767 1141 qua
793 1093 903 1131 turris
936 1091 1009 1130 alia
1033 1090 1260 1138 tollebatur,
1291 1090 1490 1140 catapultis
1515 1091 1569 1129 in-

287 1144 423 1186 structa
439 1178 450 1195 ‚
475 1163 555 1199 quae
594 1151 757 1192 telorum
783 1155 819 1192 ἃ
843 1153 1016 1202 lapidum
1044 1151 1345 1202 quaquaversum
1371 1152 1476 1192 velut
1501 1154 1573 1191 im-

288 1203 398 1246 brem
419 1208 661 1262 spargerent,
694 1215 895 1254 Niconidrae
920 1213 1088 1255 Thessali
1111 1227 1218 1263 opus.

341 1268 410 1309 ΧΙ.
442 1273 501 1311 Ad
530 1285 661 1322 portus
694 1277 806 1325 potro
837 1278 920 1314 duae
947 1276 1239 1326 quinqueremes
1273 1275 1369 1314 inter
1395 1274 1433 1313 se
1455 1274 1572 1314 firmi-

288 1328 401 1368 miter
418 1331 601 1373 devinc'tae
620 1334 736 1375 aliam
752 1336 881 1375 turrim
898 1335 1152 1383 sustinebant,
1166 1338 1217 1375 ita
1234 1330 1457 1375 fabricatam
1469 1366 1480 1383 ,
1502 1346 1544 1374 ut
1556 1367 1569 1385 ‚

285 1390 352 1429 ubi
374 1405 483 1432 muro
506 1396 662 1437 admota
680 1398 791 1446 esset,
817 1412 915 1449 pons
940 1411 988 1437 ex
1014 1411 1058 1437 ea
1082 1397 1233 1436 demitti
1259 1396 1444 1438 subitoin
1472 1410 1570 1435 moe-

286 1451 350 1490 nia
379 1455 511 1503 posset.
553 1458 623 1497 His
651 1459 831 1499 omnibus
858 1458 1023 1509 paratis,
1050 1465 1255 1507 antequam
1278 1458 1356 1496 vim
1382 1464 1570 1505 tentaret,

289 1514 465 1563 captivos
494 1516 775 1567 Cyzicenorum
809 1533 943 1559 omnes
974 1520 1014 1558 in
1047 1519 1295 1570 conspectum
1320 1518 1473 1558 suorum
1502 1520 1571 1558 ad-

289 1571 426 1623 duxit,
457 1576 634 1630 sperans,
674 1581 826 1621 illorum
869 1583 1022 1621 caritate
1059 1581 1302 1635 lacrimisque
1342 1582 1487 1620 moveri
1519 1581 1569 1620 ad

290 1634 529 1680 deditionem
557 1644 774 1694 oppidanos
796 1645 912 1697 poss'e.
949 1645 1024 1684 Sed
1044 1643 1131 1683 illos
1158 1643 1278 1683 multa
1307 1643 1570 1693 nequidquam

290 1695 544 1751 obtestantes,
581 1705 780 1746 Pisistratus
813 1708 1094 1758 Cyzicenorum
1126 1714 1264 1756 praetor
1288 1706 1452 1757 abstinere
1477 1705 1572 1743 nihil

283 1759 481 1810 profuturis
498 1767 659 1816 precibus
676 1768 778 1816 juffit
796 1782 808 1816 ς
838 1771 890 1815 62,
902 1770 1082 1821 postquam
1098 1767 1206 1819 fimel
1228 1768 1264 1804 in
1281 1767 1479 1819 potestatem
1501 1767 1572 1804 lto-

280 1822 385 1874 flium
406 1826 595 1876 veng‘ffi’tzt,
613 1828 754 1878 fbrciter
765 1830 859 1880 ftrre
890 1831 1136 1868 calamitatem.

343 1885 433 1924 XII.
462 1888 525 1927 Sic
549 1889 705 1940 exploso
733 1900 954 1930 commento
983 1892 1105 1941 regis,
1127 1890 1177 1929 ad
1199 1890 1332 1930 seriam
1355 1889 1572 1928 dimicatio..

288 1956 379 1984 nem
404 1956 581 1997 ventum,
609 1953 697 2001 quia
722 1951 912 2002 progressa
933 1952 972 1990 in
992 1951 1153 1990 navibus
1175 1952 1288 1990 turris
1303 1981 1313 1998 ,
1339 1958 1455 2000 ponte
1475 1963 1570 1989 moe-

288 2005 403 2044 nibus
430 2008 598 2058 inJecto,
631 2019 792 2061 quatuor
814 2020 979 2052 armatos
1002 2011 1120 2052 mutis
1146 2010 1390 2060 imposuerat.
1416 2009 1462 2049 Id
1489 2008 1570 2059 spe·

289 2069 483 2110 c'raculum
514 2072 567 2112 ita
599 2074 856 2123 perterrefecit
894 2073 1082 2121 obseffos,
1112 2081 1154 2112 ut
1189 2073 1216 2112 si
1244 2073 1427 2112 continuo
1451 2071 1570 2111 secuti

286 2132 415 2184 plures
450 2134 629 2185 fuissent,
667 2138 708 2176 in
750 2150 891 2188 magno
930 2136 1100 2188 periculo
1133 2148 1190 2175 res
1223 2136 1412 2186 Cyzicena
1439 2135 1569 2174 fuerit.

290 2196 368 2235 Sed
396 2196 488 2235 dum
515 2199 632 2237 etiam
652 2198 693 2238 in
716 2200 808 2238 turri
833 2200 1068 2250 trepidatur,
1087 2207 1404 2249 propugnatores,
1428 2198 1574 2237 resum-

289 2257 340 2295 tis
360 2258 521 2308 animis,
547 2270 710 2311 quatuor
733 2261 820 2302 illos
853 2263 1090 2301 detrudunt:
1120 2261 1306 2311 navesque
1327 2262 1414 2311 pice
1437 2260 1571 2312 perfu-

289 2318 346 2357 sas
362 2349 372 2366 ,
403 2321 437 2359 Sc
462 2320 540 2370 igni
572 2324 762 2372 appetitas
778 2354 789 2370 ,
815 2323 994 2362 inhibere
1010 2331 1108 2363 retro
1134 2331 1297 2373 cogunt,
1324 2324 1360 2362 δε
1380 2321 1418 2360 se
1441 2321 1571 2360 discri-

290 2380 388 2420 mini
414 2381 640 2422 subducere.
680 2384 744 2424 Sic
767 2384 958 2424 maritima
986 2384 1225 2436 oppugnatio
1250 2384 1290 2423 in
1311 2383 1461 2422 irritum
1487 2381 1570 2427 cesa«,

333 2500 356 2546 §
377 2500 419 2534 X.
448 2503 557 2536 Strab.
576 2502 723 2547 Appian.
743 2502 832 2537 Plut.
860 2503 884 2549 5
908 2503 968 2537 XI.
986 2504 1103 2540 Front.
1126 2504 1230 2539 Strat.
1248 2514 1269 2545 4
1283 2529 1296 2547 ‚
1315 2512 1346 2546 5.
1369 2501 1518 2547 Appiam.
