1638 2937
289 202 372 249 IN
404 201 578 248 LOC
627 201 765 247 LIB
814 201 1032 248 LXXXH
1081 204 1228 249 LIV.
1332 220 1415 271 195

131 307 296 349 ducibus
332 308 407 348 illis
443 321 489 348 ex
523 307 729 359 improviso
761 307 885 358 regios
916 307 1093 358 perculit.
1132 310 1278 352 Totum
1315 314 1421 354 enim

128 370 395 412 Romanorum
421 372 635 411 exercitum
662 369 786 410 adesse
812 372 909 420 rati,
933 384 1002 422 per
1027 371 1129 410 invia
1163 376 1349 426 praecipiti
1376 379 1423 418 ti-

67 441 69 443 ’
129 447 240 474 more
266 431 505 482 ferebantur}
531 432 681 483 suisque
703 432 771 483 ipsi
795 432 910 471 armis
939 431 976 470 se
1002 432 1227 473 induebant.
1263 438 1321 475 Ad
1346 441 1420 479 tria

129 496 252 536 millia
279 496 483 536 hominum
506 495 559 534 ibi
582 494 763 535 cecidiffe
784 493 1005 532 creduntur.
1027 493 1189 544 Reliqua
1206 497 1420 540 multitudo

128 558 272 608 partim
299 559 338 596 in
362 558 603 605 Muraenam,
626 556 804 596 instructa
828 558 908 605 jam
933 556 1015 594 acie
1037 556 1196 595 stantem
1215 586 1226 606 ,
1257 559 1420 605 incidit:

128 620 269 672 partim
287 621 335 660 ad
351 618 527 660 Archelai
543 619 658 658 castra
683 619 810 658 delata
823 649 835 668 ,
851 617 1020 657 turbavit
1036 618 1303 661 instruentium
1322 626 1424 663 ordi-

123 693 199 721 nes
232 681 498 730 sedulitatem,
531 689 647 731 atque
672 681 803 720 omnia
838 689 978 719 terrore
1015 682 1050 720 ἃ
1078 681 1248 721 tumultu
1281 687 1424 735 permi-

127 742 236 783 scuit.
272 742 354 782 sero
381 751 465 781 tum
499 741 736 789 Archelaus,
769 756 884 793 quam
923 742 1099 793 iniquum
1138 745 1177 783 in
1213 745 1346 788 locum
1380 750 1420 790 se

128 803 373 853 conjecisset,
402 803 603 843 intellexit.
639 803 830 854 equitibus
859 802 977 854 igitur
1008 804 1183 844 celeriter
1217 808 1417 862 immistis,

125 866 358 905 inferentem
387 868 467 915 jam
498 865 601 916 ligna
624 864 772 906 Sullam
795 865 1022 905 submovere
1051 876 1212 909 conatus
1237 871 1299 911 est,

183 937 295 977 XIII.
336 938 411 977 Sed
442 936 538 987 pulfi
563 936 604 974 in
632 936 793 986 abrupta
813 936 963 985 equites
994 949 1130 986 parum
1157 949 1223 978 aut
1248 939 1422 984 hostibus

126 1012 269 1048 morae,
300 1011 367 1039 aut
386 999 460 1039 suis
485 999 648 1050 praefidii
674 998 899 1038 attulerunt.
928 998 1073 1038 Iterum
1095 1001 1143 1039 ad
1164 1015 1422 1056 perrumpen-

127 1064 220 1102 dam
249 1063 516 1103 Romanorum
552 1065 678 1102 aciem
714 1062 912 1112 sexaginta
940 1074 1075 1101 currus
1102 1063 1236 1104 falcati
1267 1070 1422 1118 proces.

124 1123 264 1164 serunt.
288 1125 363 1165 Sed
389 1124 573 1174 quoniam
598 1124 697 1173 justo
721 1123 868 1174 spatio,
896 1124 1001 1173 quod
1024 1125 1194 1164 maxime
1220 1131 1420 1171 concitan-

122 1187 186 1226 dis
211 1199 300 1226 cum
323 1189 470 1237 impetu
503 1186 694 1237 quadrigis
719 1185 968 1225 necessarium
985 1186 1061 1234 est,
1087 1187 1417 1245 destituebantur3

124 1246 233 1288 lente
257 1249 428 1289 invectos
459 1248 627 1288 Romani
653 1249 820 1287 diductis
854 1249 1055 1288 ordinibus
1080 1262 1169 1290 cum
1196 1252 1355 1304 plausu,
1381 1260 1420 1298 Sc

124 1319 311 1361 tanquam
334 1312 374 1350 in
407 1309 562 1349 circensi
590 1309 740 1348 ludicro
774 1309 867 1349 alios
908 1310 1164 1361 postulantes,
1204 1315 1281 1354 fine
1313 1331 1416 1361 noxa

123 1371 424 1411 transmiserunt.
452 1369 520 1409 ubi
545 1370 639 1409 dum
661 1369 805 1409 haerent
819 1401 830 1420 ,
852 1370 956 1410 haud
984 1373 1094 1412 molli
1117 1374 1166 1413 ad
1189 1387 1419 1419 convertenae

125 1432 223 1471 dum
248 1431 377 1479 flexu,
407 1431 494 1481 equi
519 1433 554 1470 ἃ
587 1432 724 1482 aurigae
748 1445 769 1471 a
795 1431 964 1472 subsidiis
997 1434 1264 1475 Romanorum
1288 1439 1420 1490 impu-

123 1505 177 1534 ne
197 1494 284 1534 sunt
305 1493 393 1533 telis
425 1494 566 1535 obruti.
608 1495 672 1535 Sic
698 1508 851 1547 quoque
875 1496 1068 1546 integrum
1094 1498 1282 1541 Archelao
1309 1514 1419 1553 erat,

123 1559 330 1597 castrorum
366 1556 646 1596 munitionibus
675 1557 713 1597 se
741 1560 864 1608 tueri,
896 1561 932 1599 ἃ
952 1558 1180 1601 subeuntem
1213 1563 1264 1603 ad
1292 1565 1421 1617 impe-

123 1621 207 1659 dita
224 1618 368 1660 Sullam
384 1650 394 1667 ,
419 1619 498 1669 pari
522 1618 697 1659 locorum
719 1621 854 1660 fraude
884 1621 1090 1663 involvere.
1117 1624 1193 1664 Sed
1216 1624 1304 1675 ille,
1324 1641 1417 1677 qua-2.

124 1694 279 1733 cunque
300 1682 457 1721 tandem
475 1681 585 1720 causa
604 1686 719 1733 (nam
743 1685 778 1723 &
804 1694 911 1733 tum,
930 1686 965 1724 &
986 1685 1114 1735 postea
1136 1689 1238 1727 varie
1263 1690 1418 1732 dubita-2

123 1751 211 1783 tum
234 1744 313 1793 est)
334 1744 498 1782 educere
520 1743 607 1784 suos
641 1743 801 1793 maluit,
831 1747 892 1793 δι,
919 1748 1102 1796 quoniam
1125 1748 1165 1787 in
1189 1753 1414 1802 propinquo

125 1807 206 1857 jam
237 1806 408 1846 Muraena
436 1813 537 1856 erat,
571 1806 823 1858 constipatam
848 1808 890 1847 in
915 1809 1093 1860 angustiis
1118 1810 1416 1877 multitudinem

126 1870 311 1909 confertis
341 1869 542 1908 ordinibus
568 1883 775 1920 opponere

182 1932 289 1973 XIV.
311 1932 544 1982 Quindecim
571 1932 653 1972 serx
643 1946 764 1973 orum
792 1932 938 1982 millia³
965 1934 1030 1985 qui
1053 1936 1102 1976 ad
1125 1937 1346 1988 promissam
1372 1940 1418 1980 li.

127 1994 317 2035 bertatem
338 1996 452 2048 regiis
478 1995 651 2045 partibus
667 1995 705 2035 se
729 1997 1010 2047 adjunxerant,
1031 1999 1072 2037 in
1089 2000 1217 2040 fronte
1233 2005 1417 2052 porrectis

125 2057 241 2098 hastis
269 2052 428 2097 stabant.
459 2056 646 2110 Romani,
673 2058 883 2099 Saturnalia
904 2059 986 2099 haec
1008 2060 1082 2099 effe
1102 2062 1417 2114 conclamantes,

127 2117 302 2169 gladios,
329 2118 488 2168 abjectis
511 2119 707 2171 extemplo
727 2120 837 2171 pilis,
864 2122 910 2160 ad
931 2122 1114 2161 caedenda
1140 2123 1291 2164 hastilia
1311 2126 1418 2170 strine

127 2189 280 2221 xerunt.
305 2181 382 2221 Sed
407 2182 569 2231 quia‘ob
589 2182 725 2234 densos
752 2178 918 2221 hostium
939 2183 1091 2223 ordines
1114 2186 1225 2224 tarde
1253 2200 1310 2225 res
1327 2201 1416 2238 pro.

128 2241 317 2290 cedebat,
338 2242 525 2283 subdufflz‘
540 2246 651 2293 ‘gravi
674 2253 862 2284 armatura
876 2277 885 2295 ,
902 2246 1033 2285 velites
1050 2247 1205 2288 immissi
1228 2250 1336 2300 sunt,
1356 2260 1416 2292 tos

60 2328 62 2331 -
127 2311 286 2354 tamque
321 2302 426 2343 illam
460 2306 583 2345 aciem
617 2305 816 2356 glandium
840 2307 1085 2360 telorumque
1115 2313 1302 2361 grandine
1329 2328 1416 2365 proi⁵

129 2366 344 2406 turbarunt.
375 2366 532 2407 Interim
567 2368 749 2409 dextrum
786 2368 942 2410 suorum
970 2383 1091 2412 cornu
1119 2374 1173 2413 ita
1206 2373 1416 2418 Archelaus

173 2494 200 2540 S
225 2495 303 2532 XII.
327 2495 472 2544 Appiam.
496 2496 585 2535 Plut„
610 2496 634 2545 5
664 2497 757 2536 XIII.
778 2497 871 2539 Plu»

1087 2562 1136 2614 N
1171 2583 1196 2614 a
