1638 2937
246 152 330 197 162
407 150 498 196 ΞΟ.
542 147 1033 194 FREINSHEMH
1075 146 1422 193 SUPPLEM.

236 257 356 308 legati
385 256 432 295 ad
451 255 609 295 Cinnam
625 285 635 302 ,
655 261 837 304 tanquam
866 251 1085 300 consulem,
1116 251 1255 290 remiffi
1278 252 1374 291 sunt.
1397 262 1521 301 neque

235 317 362 358 multa
384 318 429 356 iis
455 316 634 355 mandata
656 315 734 354 dari
755 313 1022 363 tempestivum
1049 313 1132 353 fuit.
1168 315 1209 353 id
1232 326 1351 353 unum
1371 314 1519 359 Cinna⁴¹

234 395 276 421 ut
296 381 439 420 caedibus
468 391 723 432 temperaturum
741 377 874 431 juraret
896 406 906 424 ‚
941 375 1156 427 rogabatur.
1192 375 1262 415 llle
1293 377 1416 424 jurare
1451 388 1519 425 per

233 441 454 493 superbiam
486 440 641 488 abnuit,
667 440 705 492 ft
733 453 844 478 tamen
871 438 1036 478 volentem
1061 438 1218 488 negavit
1248 439 1405 490 cuiquam
1428 452 1522 476 mor-

234 506 285 544 tis
307 505 443 557 caufizm
460 502 549 556 fhre.

290 563 438 607 XXIV.
463 563 667 604 Octavium
698 563 838 608 etiam,
864 561 928 611 qui
966 561 1164 599 circumita
1191 560 1284 600 urbe
1309 572 1377 611 per
1403 557 1521 598 aliam

234 637 386 681 portam
414 635 496 665 erat
519 624 719 674 ingressus,
753 623 900 662 moneri
924 622 1049 671 jussit,
1078 623 1256 674 abstineret
1279 621 1444 674 publico,
1479 634 1522 657 ne

234 691 322 743 quid
342 689 372 727 ei
391 689 432 742 se
453 687 565 724 invito
590 685 766 723 accideret.
791 684 885 723 Haec
907 684 955 722 de
978 683 1067 722 loco
1094 682 1310 733 superiore,
1336 691 1528 732 tanquam*

235 749 396 798 consul,
433 747 567 798 legatis
591 745 797 796 respondit.
834 745 891 785 Ad
915 744 1088 783 curulem
1115 747 1198 794 ejus
1227 745 1374 785 Marius
1394 744 1522 784 adsta-

234 813 306 852 bat
335 811 498 858 tacitus;
538 807 603 846 sed
630 820 674 846 eo
700 806 834 855 vultu,
863 815 905 844 ut
929 805 1027 844 nihil
1044 804 1149 845 aliud
1178 820 1291 856 quam
1311 806 1522 846 vindictam

236 876 274 913 δε
293 872 413 911 credes
435 869 612 908 meditari
631 876 840 918 appareret.
866 868 1002 917 Neque
1026 866 1190 905 multum
1214 866 1418 905 intercessit
1439 880 1522 905 mo-

237 947 312 983 1ae,
340 933 432 983 quin
459 931 610 970 senatus
632 929 756 969 verbis
785 931 899 969 Cinna
923 942 1025 982 atque
1046 929 1192 967 [darius
1213 930 1249 967 in
1276 931 1387 968 urbem
1405 929 1523 967 venire

235 1003 469 1045 rogarentur.
500 992 670 1032 Marium
696 990 798 1029 enim
824 989 962 1029 diserte
989 990 1241 1039 addiderant,
1266 1004 1345 1029 non
1373 989 1518 1040 ignari⁴³

237 1059 371 1098 Cinnae
401 1055 560 1105 quidem
592 1065 736 1092 nomen
770 1052 827 1090 his
853 1052 962 1090 faffls
986 1052 1173 1100 obtendi3
1204 1060 1373 1092 ceterum
1408 1051 1523 1102 potis-

233 1119 373 1158 fimum
397 1128 531 1156 eorum
559 1116 754 1153 auetorem
775 1113 944 1152 Marium
969 1113 1053 1152 effe.

291 1179 421 1221 XXV.
460 1178 559 1218 Cum
583 1177 631 1216 ad
655 1175 790 1214 urbem
816 1183 998 1222 ventum,
1028 1176 1063 1214 ἃ
1088 1173 1208 1213 Cinna
1234 1186 1322 1213 curn
1347 1172 1522 1213 satelliti-

232 1242 308 1282 bus
332 1238 515 1290 ingreffus
544 1237 662 1285 esset;
689 1236 836 1276 Marius
856 1234 1016 1274 substitit
1042 1234 1090 1273 ad
1118 1245 1269 1284 portam
1286 1265 1296 1281 ,
1326 1236 1383 1282 ὃς,
1410 1246 1522 1273 acer-

232 1306 329 1345 bum
352 1303 569 1349 subridens,
584 1300 764 1353 exsulibus
778 1311 898 1350 patere
921 1298 1055 1336 aditum
1078 1296 1242 1346 negavit.
1269 1296 1419 1335 Idcirco
1434 1296 1520 1335 Cin-

232 1380 285 1407 na
319 1377 475 1416 operam
500 1363 638 1408 dante,
666 1359 729 1398 lex
755 1359 802 1397 de
822 1357 1061 1396 restituendis
1086 1355 1280 1395 exsulibus
1314 1355 1440 1395 statim
1464 1368 1521 1394 re-

233 1428 325 1467 ferri
360 1426 492 1475 coepit.
531 1434 655 1472 neque
683 1419 782 1459 ultra
814 1417 1097 1469 exi-speciatum,
1134 1430 1250 1468 quam
1277 1426 1319 1456 ut
1346 1426 1421 1456 tres
1454 1425 1521 1456 aut

237 1497 401 1541 quatuor
423 1487 544 1526 tribus
566 1484 741 1534 suffragia
764 1483 915 1521 ferrent.
939 1490 1023 1519 tum
1046 1480 1181 1530 irrupit
1197 1480 1236 1517 in
1258 1479 1392 1519 urbem
1414 1479 1521 1518 velut

236 1564 391 1603 captam
408 1581 419 1600 ,
443 1550 772 1601 fugitivorumque
810 1544 1002 1585 delectum
1027 1556 1166 1594 agmen
1202 1542 1354 1582 trahens
1376 1573 1388 1591 ,
1421 1555 1519 1592 quos

237 1616 427 1656 Marianos
457 1611 704 1663 appellabat,
739 1608 907 1649 caedibus
935 1617 1048 1657 atque
1084 1607 1226 1656 rapinis
1250 1607 1381 1644 onmia
1403 1605 1521 1644 vasta-

238 1679 308 1717 vit.
334 1677 419 1715 aliis
443 1687 595 1726 quoque
617 1674 737 1724 portis
761 1672 950 1711 exercitus
965 1668 1204 1708 inundabant
1222 1668 1376 1708 urbem:
1400 1667 1518 1718 iisque

236 1751 330 1779 mox
347 1737 526 1785 occlusis,
550 1734 848 1775 adversariorum
862 1763 873 1779 ,
902 1733 937 1770 ὅ(
957 1729 1026 1769 sub
1048 1729 1124 1768 hoc
1139 1728 1317 1778 nornine,
1340 1740 1519 1778 quorum-

238 1814 390 1851 cunque
418 1797 781 1845 volebant,domos
806 1791 1045 1844 diripiebant.

292 1863 442 1904 XXVI.
459 1863 544 1911 Jam
566 1869 771 1910 antequam
794 1859 833 1897 in
853 1857 988 1896 urbem
1014 1855 1160 1895 Marius
1187 1855 1431 1904 irrumperet,
1448 1853 1518 1893 Cn.

240 1926 424 1966 octavius
450 1922 618 1963 sublatus
649 1934 670 1960 e
695 1921 824 1959 medio
859 1920 994 1958 fuerat.
1023 1917 1166 1957 Amicis
1196 1916 1327 1966 fugam
1357 1914 1519 1954 suaden-

237 1986 366 2033 tibus,
402 1984 475 2023 sive
501 1983 616 2023 Marii
647 1982 851 2030 Cinnaeque
884 1978 1014 2028 juratis
1044 1976 1232 2028 promiffis
1268 1975 1413 2022 fidens,
1443 1973 1521 2013 five

238 2048 369 2100 potius
392 2045 636 2096 haruspicum
663 2042 837 2081 ludibriis
866 2049 1035 2080 retentus
1052 2070 1065 2086 ‚
1097 2051 1212 2089 quam
1238 2038 1277 2076 in
1303 2037 1516 2076 vanitatem

237 2107 400 2159 proclivi
427 2105 651 2145 credulitate
681 2103 839 2154 agebat,
875 2103 915 2140 in
940 2100 1158 2150 Janieulum
1189 2111 1276 2138 cum
1303 2097 1448 2144 aliquot
1477 2096 1520 2135 il-

238 2171 416 2210 lustribus
441 2170 531 2209 viris
561 2170 596 2208 ἃ
626 2175 735 2219 parte
762 2167 960 2217 copiarum
991 2162 1184 2203 conceffit.
1217 2162 1405 2214 Indignum
1428 2161 1520 2198 enim

238 2245 340 2285 atque
364 2245 460 2286 turpe
473 2233 625 2285 facinus
648 2230 776 2280 ajebat
794 2231 834 2283 se
855 2227 1102 2279 commifficrum
1125 2225 1252 2279 effi.,fi
1268 2225 1422 2278 patriam
1442 2237 1520 2261 con-

232 2294 350 2346 sulari
377 2296 516 2347 imperio
537 2293 707 2347 praeditus
731 2293 902 2345 desereret.
927 2290 1047 2341 Igitur
1071 2286 1135 2327 illa
1160 2285 1249 2327 sella
1273 2283 1416 2334 curuli,
1439 2297 1520 2324 ma-

310 2428 332 2469 §
366 2429 492 2460 ’ΧΤ-ΤΗΙ.
523 2429 668 2460 Diodor.
698 2440 750 2470 ap.
783 2426 898 2459 Vales.
931 2425 1058 2470 Vellej.
1093 2434 1112 2460 2
1132 2450 1142 2467 ‚
1168 2434 1221 2457 22.
1256 2423 1400 2468 Appian.
1428 2421 1519 2454 Plut,

237 2474 266 2519 ‘S
298 2473 422 2507 XXIV.
445 2473 569 2517 Velle).
594 2473 682 2506 l’lut.
703 2472 845 2505 Diodor.
870 2471 1015 2514 Appian-
