1638 2937
252 170 345 231 156
411 168 505 216 JO.
550 169 1055 218 FREINSHEMII
1094 171 1459 222 SUPPLEM.‘

304 274 367 315 VI.
400 276 500 315 Hinc
525 283 609 315 orto
637 276 831 326 tumultu,
854 291 992 329 magna
1012 280 1264 319 consternatio
1288 280 1435 319 inceffit
1461 286 1531 319 00⁴2

247 335 356 386 pias,
387 338 480 377 odio
510 338 644 386 ducis,
683 341 718 378 ἃ
754 341 804 378 ad
841 341 1099 381 defec‘tionem
1128 342 1259 391 pronis
1294 341 1456 391 animis,
1479 341 1533 382 ad
1572 338 1582 341 ⁴
1628 340 1630 342 ’

247 395 459 444 quamlibet
474 398 712 438 occasionem
737 398 915 439 mobiles.
943 402 1099 451 jamque
1122 401 1235 451 diripi
1257 400 1445 447 tentoria,
1468 400 1531 439 su-

245 457 302 495 mi
331 470 435 497 arma
466 467 686 510 coeperant:
717 474 842 511 neque
870 462 1075 513 proconsul
1101 463 1255 502 obviam
1275 462 1533 512 ibat,offerre

245 516 283 557 se
304 520 624 561 tumultuantibus
646 536 727 561 non
754 522 877 562 ausus.
901 523 1120 564 adolescens
1144 525 1372 575 pompejus,
1394 523 1534 563 mediis

245 584 462 634 agminibus
498 586 721 636 immixtus,
752 587 1015 637 prehendebat
1040 588 1205 636 milites,
1237 587 1532 635 lacrimabatur,

245 643 514 697 supplicabat:
538 651 747 700 postremo,
770 651 920 701 abjecto
939 653 978 689 in
1001 658 1110 701 porta
1133 651 1334 689 castrorum
1353 663 1530 700 corpore,

244 706 330 746 illac
355 707 502 760 jubebat
538 712 675 760 transire
702 712 808 759 fidem
840 723 1057 750 mutaturos:
1090 712 1216 749 donec
1244 710 1369 749 multo
1404 711 1525 759 fletu,

247 770 284 808 ἃ
325 770 570 810 deformitate
602 771 808 822 spectaculi
842 781 991 812 retento
1026 772 1137 812 militi
1167 773 1278 812 rediit
1311 774 1460 823 pudor,
1492 776 1530 814 Sc

242 839 380 881 praeter
410 835 676 884 octingentos,
705 835 770 884 qui
801 837 881 885 Jam
913 836 961 874 ad
982 835 1144 875 Cinnam
1170 835 1412 884 transierant,
1445 835 1532 875 reli-

242 905 339 942 quus
378 895 569 934 exercitus
604 905 790 946 pacatus,
832 897 1073 948 imperioque
1110 894 1349 947 proconsulis
1385 896 1531 936 restitu-

243 960 306 992 tus
336 954 402 993 est.

308 1019 391 1060 Vll.
421 1020 588 1061 Minime
620 1028 751 1061 tamen
785 1022 991 1062 diuturnus
1026 1031 1189 1074 receptae
1223 1023 1417 1074 potestatis
1444 1022 1532 1064 usus

241 1077 430 1130 Pompejo
458 1080 543 1121 fuit.
576 1081 695 1121 Paulo
723 1079 825 1120 enim
860 1082 942 1131 post
984 1089 1193 1132 utrumque
1225 1085 1436 1122 exercitum
1464 1097 1532 1134 pe-

240 1141 406 1182 stilentia
429 1144 585 1184 invasit:
613 1146 647 1184 ἃ
665 1145 712 1183 de
735 1145 909 1195 Pompeii
940 1146 1062 1195 copiis
1086 1145 1291 1185 hominum
1321 1146 1439 1186 millia
1462 1160 1533 1186 un-

244 1203 398 1252 decim,
435 1205 483 1243 de
513 1204 732 1245 Octavianis
764 1205 829 1245 sex
859 1206 1066 1246 defiderata
1091 1206 1188 1248 sunt.
1218 1208 1367 1247 Deinde
1395 1210 1534 1259 ingens*

243 1266 347 1315 apud
374 1265 537 1305 Romam
564 1267 769 1316 tempestas
795 1276 878 1306 orta
899 1268 970 1315 est,
990 1271 1024 1308 δε
1049 1268 1184 1317 castra,
1206 1270 1397 1320 praecipue
1418 1271 1534 1309 Pom..

244 1327 347 1377 peji,
371 1337 452 1365 tam
481 1326 621 1366 crebris
644 1328 816 1377 percussa
839 1328 1090 1379 fulminibus,
1111 1339 1155 1369 ut
1180 1338 1286 1369 ruere
1310 1330 1450 1370 coelum
1476 1333 1532 1370 vi-

245 1389 407 1429 deretur.
440 1390 553 1429 Arma
584 1388 760 1440 signaque
786 1389 919 1440 passim
949 1393 1049 1430 taeta
1067 1421 1077 1439 ,
1109 1391 1276 1439 milites,
1300 1394 1334 1432 δε
1369 1393 1531 1442 quidam

242 1461 289 1488 ex
318 1449 522 1488 illustribus
550 1450 755 1490 exanimati
786 1450 899 1498 sunt,
930 1451 1008 1502 ipse
1032 1465 1185 1503 quoque
1218 1454 1422 1503 proconsul
1456 1454 1534 1494 ful-i

246 1512 350 1551 mine
380 1513 527 1553 afflatus
563 1514 723 1554 interiit.
762 1514 862 1555 Tam
887 1515 1137 1566 improvisum
1167 1517 1234 1556 viri
1260 1518 1427 1566 exitum,
1459 1519 1530 1557 fin-

244 1574 383 1625 gularis
416 1575 531 1614 etiam
561 1576 827 1627 exsequiarum
855 1578 1068 1628 ignominia
1097 1579 1279 1619 comitata
1308 1581 1370 1620 est.
1408 1581 1533 1631 Quod,

243 1637 346 1675 enim
381 1634 540 1687 imperio
571 1640 608 1678 &
640 1639 823 1677 maximis
858 1640 1089 1679 exercitibus
1118 1640 1339 1689 instruc‘ius‚
1379 1641 1530 1691 pericli-

243 1697 341 1735 tanti
370 1698 498 1747 patriae
536 1699 756 1748 tempestive
792 1699 996 1741 subvenire
1032 1701 1275 1752 neglexerat,
1310 1703 1347 1740 in
1374 1711 1527 1743 tantum

245 1758 381 1810 populi
407 1759 573 1800 Romani
595 1761 728 1800 odium
761 1763 886 1812 venit,
912 1773 953 1802 ut
973 1763 1116 1803 lectum
1140 1766 1242 1813 ejuS,
1274 1776 1362 1804 cum
1391 1766 1439 1804 ad
1465 1778 1528 1804 τοι

243 1835 334 1872 gum
369 1819 588 1869 efferretur,
628 1822 837 1873 diriperet3
887 1825 1103 1877 corpusque
1147 1827 1253 1864 omni
1291 1825 1531 1866 contumelia>

244 1883 452 1933 affectum,
483 1897 585 1924 unco
620 1885 797 1926 traheret.

296 1953 397 1993 VlII.
422 1953 525 1993 Dum
544 1954 610 1993 ista
635 1955 754 2002 fiunt,
778 1956 945 2003 Marius,
965 1957 1102 1997 reliffis
1126 1957 1237 2010 supra
1265 1959 1439 2010 infraque
1462 1973 1526 1999 ur-

243 2015 333 2056 bem
361 2016 411 2056 ad
437 2017 622 2056 arcendos
653 2027 892 2057 commeatus
915 2020 1094 2069 praesidiis
1111 2051 1121 2069 ,
1147 2029 1188 2060 ut
1213 2023 1327 2060 etiam
1353 2035 1401 2061 ex
1425 2023 1524 2072 agris

244 2079 530 2118 subvectionem
555 2092 712 2119 omnem
731 2087 967 2131 amputaret,
983 2082 1105 2122 vicina
1131 2084 1296 2134 oppida,
1324 2084 1362 2122 in
1384 2084 1525 2134 quibus

243 2142 379 2194 populi
401 2142 566 2183 Romani
589 2142 724 2182 horrea
746 2150 874 2192 erant,
897 2143 1020 2183 subito
1042 2144 1255 2196 aggressus,
1276 2145 1430 2184 Antium
1446 2177 1458 2192 ‚
1485 2148 1522 2185 Sc

244 2203 430 2252 Ariciam,
452 2206 487 2244 ἃ
503 2204 715 2244 Lanuvium
727 2235 738 2253 ,
753 2207 788 2245 ἅ
803 2213 983 2256 praeterea
999 2206 1203 2247 nonnullas
1225 2206 1314 2246 alias
1334 2206 1519 2256 colonias,

243 2266 281 2302 vi
312 2274 377 2304 aut
403 2266 619 2315 proditione
651 2267 821 2317 potitus,
849 2267 984 2307 deletis
1014 2269 1297 2320 propemodum
1324 2267 1518 2308 habitato-

242 2327 369 2375 ribus,
393 2328 611 2368 devastavit.
640 2328 764 2377 Inde,
787 2329 1003 2382 priusquam
1026 2330 1109 2370 aliis
1139 2343 1187 2371 ex
1206 2330 1301 2370 Iocis
1319 2329 1523 2381 importari

287 2468 311 2515 S
335 2470 414 2506 Vn.
430 2471 553 2516 Velle]-
567 2483 584 2506 2
599 2500 607 2516 ,
623 2483 678 2508 21.
699 2474 842 2519 Appian.
865 2474 932 2509 lul.
950 2473 1074 2521 Obseq.
1100 2474 1189 2510 Pin.
1210 2475 1245 2508 in
1267 2472 1416 2519 Pompei.
1435 2484 1464 2507 ε,
1488 2482 1523 2507 ιι
