1638 2937
275 170 357 218 IN
404 167 580 216 LOC.
622 167 762 213 L'IB.
798 167 978 215 LXXX
1032 171 1172 219 LIV.
1292 174 1379 232 167

95 288 207 318 more
239 276 368 324 edito,
407 274 654 324 manibusque
678 272 905 324 complofis,
945 275 1024 325 ipse
1050 278 1289 326 profecimus
1329 278 1381 317 ad

97 340 314 380 necandum
344 338 461 377 fuerit
477 367 489 386 ,
514 337 579 375 nifi
599 336 699 375 foret
720 337 768 375 ab
791 337 924 376 amicis
952 337 1160 378 cohib-itus.

151 400 235 440 XL.
271 398 376 440 Miffi
403 410 491 436 cum
523 398 564 437 P.
589 397 711 437 Annio
739 397 895 437 tribuno
920 397 1085 446 milites,
1116 411 1204 438 cum
1229 401 1277 440 ad
1302 402 1379 441 An-

98 464 248 502 tonium
275 461 481 509 veniffent‚
515 461 563 499 fic
595 461 762 500 hominis
795 460 1011 511 eloquentia
1040 460 1158 501 veluti
1187 464 1379 504 constritti

96 525 232 564 stetisse
248 525 451 572 dicuntur,
476 530 518 563 ut
542 523 624 574 post
646 523 801 574 longam
822 524 1143 574 exspedtationem
1168 523 1378 564 ascendens

95 587 144 626 ad
167 587 363 627 visendum
387 586 582 634 tribunus,
612 586 796 626 intactum
819 585 946 626 adhuc
974 586 1154 638 repererit
1169 616 1180 634 ‚
1205 585 1380 626 coaetus.

97 662 172 699 que
198 649 315 688 fuerit
337 648 416 699 ipse
446 648 698 687 commodare
724 647 907 687 Marianae
927 646 1074 687 saevitiae
1104 660 1274 686 manum.
1305 647 1381 686 Ca-

95 718 166 757 put
192 709 345 747 Antonii
377 707 539 748 relatum
561 709 611 748 ad
637 708 831 757 Marium,
861 709 896 747 ἅ
915 707 956 745 in
983 707 1068 758 ipfis
1094 707 1230 746 menfis
1258 719 1379 756 appo.

94 770 204 808 fitum
233 771 304 811 est:
330 783 401 810 nec
418 771 496 822 ipse
519 771 722 817 abstinuit,
749 771 842 820 quin
868 770 940 809 suis
963 770 1138 809 manibus
1165 770 1276 810 avide
1306 777 1380 809 tra-

95 833 214 870 naret
227 833 529 882 ‚Anniumque,
549 832 693 871 recenti
713 831 896 886 sanguine
918 832 1077 870 madent
1080 844 1162 880 em,
1194 832 1234 869 in
1256 831 1382 871 smum

93 892 203 932 suum
228 895 423 944 reciperet.
464 894 645 944 Ejusdem
677 893 839 944 imperio
865 893 905 933 L.
934 892 1078 940 Caesar,
1115 892 1178 943 qui
1206 883 1381 932 consula-

95 962 178 992 tum
209 957 245 994 δε
273 955 470 994 censuram
503 955 688 1006 gefferat,
719 955 823 1005 apud
854 953 1117 994 seditiofiffimi
1145 956 1179 994 ἃ
1212 953 1380 994 viliffimi

92 1015 265 1056 hominis.
289 1019 339 1068 Q.
359 1017 462 1057 Varii
487 1017 635 1057 bustum
653 1049 664 1067 ‚
688 1031 711 1057 a
731 1019 773 1058 C.
799 1018 988 1067 Fimbria,
1005 1017 1260 1057 crudeliffimo
1289 1017 1381 1058 Cin.

91 1093 151 1119 nae
175 1079 362 1129 satellite,
387 1089 569 1131 tanquam
592 1081 796 1132 piacularis
823 1080 943 1121 hostia
963 1081 1184 1122 immolatus
1205 1081 1269 1121 est.

146 1142 248 1182 XLI.
276 1142 362 1185 Duo
382 1142 519 1192 Craffi,
536 1155 626 1182 cum
648 1145 689 1183 in
713 1143 804 1194 fuga
829 1143 967 1191 essent,
997 1143 1044 1184 ab
1066 1143 1255 1193 equitibus
1271 1142 1377 1182 Fim-

94 1202 185 1242 briae
214 1203 300 1243 sunt
329 1206 519 1256 occupati.
549 1205 673 1245 filium
697 1208 738 1245 in
765 1206 972 1257 conspeetu
1001 1207 1117 1258 patris
1149 1205 1296 1255 equites
1320 1205 1378 1244 in-

93 1276 352 1308 teremerunt:
389 1279 521 1319 pater,
551 1282 600 1309 ne
626 1270 720 1320 quid
742 1271 944 1322 indignum
974 1270 1039 1310 sua
1062 1271 1200 1310 virtute
1228 1277 1379 1320 patere-

89 1336 175 1376 tur,
203 1329 269 1369 sua
296 1329 334 1370 se
371 1343 488 1370 manu
520 1331 726 1373 interfecit.
769 1332 906 1383 Capita
929 1333 1105 1372 omnium
1142 1344 1210 1382 pro
1232 1330 1376 1371 Rostris

88 1384 185 1429 sunt
210 1391 422 1442 propofita,
460 1400 504 1430 ut
539 1391 645 1432 haud
675 1393 803 1432 minus
830 1393 1049 1433 acerbitatis
1072 1393 1273 1433 ostentatio
1305 1404 1378 1430 cae·

92 1454 199 1493 dium
222 1453 403 1501 haberet,
428 1467 546 1504 quam
571 1455 733 1505 patratio
766 1454 979 1495 habuisset:
1011 1467 1102 1494 eum
1123 1456 1164 1494 in
1192 1454 1278 1493 foro
1295 1453 1378 1493 Ro..

84 1527 205 1554 mano
241 1514 352 1554 locus
373 1523 454 1554 tota
479 1515 574 1555 urbe
600 1515 898 1563 celeberrimus,
933 1530 1047 1567 quem
1077 1514 1272 1555 hostilium
1307 1527 1382 1554 nar-

87 1578 196 1617 vium
214 1576 346 1628 spoliis
370 1579 534 1627 majores
558 1579 856 1626 adornaverant,
881 1577 1177 1618 clariffimorum
1207 1577 1377 1617 virorum

89 1638 308 1688 capitibus,
346 1647 529 1690 tanquam
559 1640 774 1680 ornamenti
799 1639 912 1680 causa
946 1639 1163 1691 dispofitis,
1199 1637 1379 1692 oppletus

86 1699 413 1741 videretur..

145 1762 266 1802 XLII.
305 1761 452 1802 Marius
480 1763 673 1813 praecipue
699 1761 874 1812 furebat,
911 1763 947 1802 δε
984 1762 1107 1803 Cinna
1141 1762 1223 1811 jam
1255 1759 1383 1800 ferme-

87 1821 224 1862 satiato
237 1854 248 1872 ,
274 1824 413 1872 etiam,
431 1837 526 1874 quos
553 1823 633 1874 ipse
649 1831 809 1863 noverat
828 1823 1026 1870 inimicos,
1047 1823 1256 1862 interfectis
1273 1852 1284 1870 ,
1301 1834 1376 1861 nee

87 1886 182 1925 dum
204 1895 353 1937 poterat
375 1887 576 1937 quiescere.
606 1886 843 1936 jubebatque
864 1885 1083 1937 promiscue
1101 1897 1236 1925 onmes
1264 1885 1311 1923 ad
1335 1883 1377 1925 se

86 1947 272 1987 adeuntes
296 1948 446 1996 occidi,
477 1949 616 1999 quibus
642 1948 725 1999 ipse
758 1962 917 1988 manum
944 1961 1026 1988 non
1055 1947 1291 1999 porrexisset.
1317 1948 1379 1986 inc.

86 2016 146 2048 ter
170 2022 265 2060 quos
295 2012 332 2050 &
357 2011 407 2061 Q.
429 2010 636 2050 Ancharius
661 2011 716 2050 vir
742 2010 965 2061 praetorius,
990 2020 1080 2049 cum
1095 2008 1376 2048 sacrificantem

85 2071 129 2111 in
160 2072 354 2124 Capitolio
388 2074 559 2114 Marium
585 2071 787 2121 adivisset,
820 2080 864 2112 ut
893 2071 1090 2128 religionis
1123 2070 1372 2111 veneratione

86 2135 303 2184 propitium
331 2135 514 2185 haberet,
554 2144 642 2176 ante
669 2134 803 2175 oculos
830 2136 982 2186 tyranni
1008 2134 1049 2172 in
1070 2132 1149 2184 ipsa
1171 2133 1252 2172 aede
1280 2144 1377 2171 cone

86 2194 205 2235 fossus
234 2196 298 2236 est.
355 2198 539 2249 Quinque
579 2199 660 2238 dies
693 2197 925 2252 continuos,
968 2196 1209 2246 totidemque
1241 2197 1378 2240 noctes

88 2256 157 2297 ista
181 2256 368 2297 scelerum
390 2262 569 2300 omnium
596 2259 746 2300 duravit
767 2258 934 2298 licentia.
962 2269 1087 2307 neque
1114 2256 1300 2297 cadavera
1321 2255 1389 2295 sen.

137 2381 159 2425 5
187 2381 348 2416 XXXIX.
365 2382 491 2426 Venej.
512 2393 545 2423 2,
566 2392 621 2415 22.
646 2382 736 2415 Plut.
751 2381 840 2415 Flor.
862 2381 940 2415 val.
960 2380 1055 2415 Max.
1073 2391 1116 2424 9,
1130 2390 1164 2413 2.
1183 2379 1261 2412 Liv.
1287 2379 1385 2422 Epi!

93 2425 117 2467 §
138 2427 208 2459 XL.
232 2427 359 2460 AuStor
379 2406 1261 2486 deV'1r.'IIl.c.7<>.App'1an.Liv.I3pit.Cic.pro
1284 2426 1381 2459 Seu,

94 2482 125 2506 ς
143 2482 197 2505 21.
220 2471 255 2507 ὅ(
272 2471 707 2517 proscaur.1)·10d01.ap.
733 2471 847 2507 Vlalei
1056 2518 1090 2563 L
1125 2532 1159 2573 ΔΓ
