1638 2937
175 213 258 262 1N
305 209 482 258 Loc,
515 205 650 255 LIB.
693 203 956 252 Lxxxvn
1006 204 1156 253 mv.
1243 216 1333 267 273

49 320 263 374 appellatus
283 319 348 359 est.
382 318 513 368 quue
541 313 700 354 tandem
727 313 866 352 irarum
893 319 1073 359 ventum,
1095 319 1158 359 ut,
1181 302 1338 350 conv-‘ula

49 386 95 424 fis
124 384 262 434 fignis,
289 395 375 433 pars
394 378 606 430 Ariminum
630 382 802 426 peteret3
824 374 888 413 alii
918 373 1052 424 paffim
1081 375 1217 413 domos
1243 370 1340 412 dila<

49 446 252 485 berentur:
279 440 474 492 neque'ad
493 439 683 478 summam
708 437 791 487 plus
816 437 962 487 septem
986 435 1208 475 cohortibus
1234 434 1338 486 apud

51 508 189 547 ducem
217 510 497 557 permanerent.
540 501 645 540 lrrita
678 500 813 540 Marcii
849 499 1046 549 expeditio
1081 499 1136 538 M.
1176 499 1340 548 Lampo-

50 567 158 606 nium
172 596 184 614 ,
215 566 394 606 Pontium
409 561 652 608 Telefinum‚
675 560 833 599 Guttam
848 559 1073 609 Capuanum
1097 557 1252 598 Italicos
1272 558 1341 597 dua

51 641 114 668 ces
151 626 333 667 accendit
348 657 360 675 ‚
396 632 439 664 ut
469 637 515 663 eo
552 623 741 673 promtius
781 621 830 660 ad
869 619 1056 659 auxilium
1092 619 1204 659 Marii
1241 631 1341 656 cond

52 695 256 729 currerent.

105 751 200 790 XX.
220 750 356 799 Neque
374 746 595 798 spernendae
609 744 664 784 his
687 745 805 792 vires,
819 744 1063 795 septuaginta
1078 740 1200 780 millia
1222 751 1343 780 arma.

51 823 179 854 torum
194 843 206 861 .,
228 821 349 852 erant.
382 811 459 851 Sed
485 809 552 849 ubi
580 809 651 848 hos
673 808 878 847 adventare
899 806 1003 847 Sulla
1033 805 1214 856 cognovit
1228 834 1239 849 ‚
1262 803 1342 853 qui-

53 877 123 916 bus
142 875 236 914 locis
259 874 427 912 maxime
448 874 548 911 arcta
574 871 661 910 sunt
683 871 840 918 itinera,
862 872 897 909 ἅ
920 867 1125 908 necessario
1149 865 1343 905 transeun-

52 938 147 978 dum
176 936 343 975 hostibus
375 944 483 983 erat,
520 933 826 979 castrametatus,
865 931 997 971 frustra
1028 939 1238 980 quaerentes
1264 927 1343 966 adi-

53 1010 159 1047 tum,
177 999 345 1051 exolulit.
361 997 525 1039 Proinde
543 997 686 1037 Marius
699 1027 708 1045 ,
732 994 897 1043 nullam,
916 993 983 1033 nifi
998 996 1040 1032 in
1059 993 1188 1044 seipso
1201 1024 1211 1040 ‚
1234 992 1342 1043 spem

53 1062 240 1113 reliquam
262 1062 424 1110 videns,
454 1061 553 1099 inter
585 1059 775 1110 oppidum
807 1060 843 1098 δε
875 1070 993 1108 opera
1016 1055 1127 1110 Sullae
1149 1057 1343 1110 (spatium

53 1126 163 1165 enim
187 1124 274 1164 satis
307 1136 492 1174 magnum
514 1121 722 1175 intererat)
746 1119 940 1160 castellum
964 1120 1166 1168 exstruxit,
1193 1117 1344 1158 machi-

58 1188 190 1238 nisque
226 1189 262 1226 &
299 1186 420 1236 copiis
447 1185 501 1225 ibi
531 1184 756 1232 collocatis,
790 1183 1031 1234 eruptionem
1055 1183 1228 1222 tentavit.
1265 1180 1343 1221 Sed

56 1262 144 1289 cum
169 1262 236 1300 per
268 1247 485 1299 complures
508 1247 588 1286 dies
617 1247 876 1297 nequidquam
900 1246 938 1285 se
971 1240 1156 1298 fatigass'et
1171 1276 1183 1297 ‚
1206 1255 1344 1289 accurs

60 1321 165 1353 rente
185 1310 315 1361 Sulla,
346 1312 446 1351 intra
469 1310 650 1351 Praeneste
678 1308 844 1360 repulsus
863 1308 925 1363 est.

159 1428 237 1467 XX.
260 1431 413 1468 Plutsin
439 1431 525 1465 Suu.
553 1441 584 1464 c.
618 1438 672 1473 57.
693 1428 841 1474 Appian.
861 1426 940 1463 Liv,
962 1425 1055 1472 Epit2

170 2583 222 2634 T.
246 2580 364 2632 Livii
396 2583 495 2632 Vol.
522 2541 638 2630 ΙΧ.ι
1090 2580 1118 2626 5
