1638 2937
243 182 320 229 IN
359 182 536 230 LOC.
578 183 718 229 LIB.
753 183 924 229 XCVII
983 185 1130 233 LIV.
1261 199 1358 248 409

81 287 221 339 nesque
250 290 416 337 nuntiis,
440 289 745 341 magnificentius
760 320 771 339 ,
796 303 910 343 quam
935 292 1059 331 verius
1076 322 1087 341 ,
1113 290 1359 331 Mithridates

82 351 326 402 extollebat,
360 361 632 403 promtumque
665 353 833 393 Romani
873 354 1058 393 exercitus
1093 355 1251 394 exitium
1288 367 1362 393 au·-

80 413 298 461 gurabatur.
346 415 421 455 Sed
454 422 610 454 eventus
648 424 781 454 contra
815 415 933 456 dedit.
978 416 1079 455 Cum
1112 417 1215 455 enim
1242 417 1364 456 haud-

72 489 275 528 quaquam
306 477 620 529 reprehendendo
652 471 810 517 consilio
845 478 922 518 hoc
950 489 1105 529 ageret,
1139 488 1182 518 ut
1219 479 1366 520 Lucul-

79 535 162 575 lum
201 538 481 578 commeatibus
523 539 722 580 exclusum
753 541 801 580 ad
834 553 897 580 eas
931 541 1122 591 redigeret
1151 543 1337 592 angustias
1353 548 1378 582 5·

83 597 123 635 in
147 599 282 648 quibus
303 599 383 650 ipse
408 601 455 640 ad
474 600 662 651 Cyzicum
681 602 831 651 fuiffet3
855 603 1056 653 negotium
1080 604 1269 654 equitibus
1290 603 1365 643 suis

87 660 213 708 dedit,
231 673 273 701 ut
296 662 593 703 frumentatores
614 678 634 703 e
655 665 902 716 Cappadocia
924 667 1126 706 redeuntes
1142 667 1242 722 (nec
1263 667 1368 706 enim

85 720 248 761 aliunde
276 723 472 763 Romanus
500 723 697 778 alebatur)
723 726 957 776 exciperent.

140 783 311 825 XXVII.
342 787 478 836 Neque
511 787 654 826 defidia
686 789 878 839 regiorum
901 802 958 828 res
984 789 1274 840 corrumpebat3
1299 787 1366 828 sed

83 844 226 884 nimius
257 849 455 898 pugnandi
478 850 592 888 ardor
619 863 697 888 non
721 851 865 890 sinebat
887 864 907 890 a
934 851 1007 890 suis
1028 851 1122 891 locis
1147 851 1271 890 aliena
1293 850 1368 889 dis-

85 918 251 947 cernere.
296 909 417 959 Igitur
440 912 564 960 primo
582 912 798 960 Sornatius,
820 925 906 952 cum
930 926 1006 952 una
1029 913 1180 963 legione
1202 926 1248 952 ex
1268 913 1367 963 Cap-

85 970 250 1017 padocia
289 972 441 1018 redux,
474 974 695 1023 praefec‘tum
726 977 825 1026 regis
857 976 1142 1025 Menandrum,
1172 975 1366 1016 alacritate

78 1031 222 1078 *majori
243 1062 253 1079 ,
279 1045 392 1082 quam
423 1034 603 1084 confilio,
627 1037 891 1086 congressum,
914 1050 1002 1077 cum
1032 1051 1170 1089 magna
1200 1038 1367 1077 hostium

87 1093 218 1141 caede,
250 1094 290 1132 in
327 1094 457 1145 fugam
489 1098 578 1147 egit.
612 1097 752 1138 Fabius
780 1100 921 1138 deinde
950 1100 1160 1149 Adrianus,
1193 1113 1281 1139 cum
1316 1112 1366 1139 ex

87 1154 221 1193 eadem
256 1156 503 1207 Cappadocia
534 1172 719 1209 magnum
746 1173 907 1201 annonae
939 1163 1101 1202 modum
1133 1162 1366 1211 adveheret,

86 1230 108 1257 a
145 1218 407 1260 Menemacho
439 1224 474 1262 &
508 1222 695 1274 Myrone,
724 1238 819 1275 quos
848 1226 999 1266 Taxiles
1032 1229 1069 1266 δε
1097 1226 1368 1277 Diophantus,

88 1290 176 1317 cum
217 1290 379 1330 quatuor
414 1283 614 1333 peditum,
652 1285 803 1325 duobus
834 1286 1007 1336 equitum
1043 1287 1213 1327 millibus
1239 1287 1367 1327 immi-

86 1341 242 1390 serunt,
274 1342 463 1384 laceffitus
492 1345 555 1385 est.
734 1376 741 1377 ff

155 1403 341 1443 XXVIII.
374 1405 422 1444 Et
448 1405 493 1454 si,
524 1407 649 1446 donec
678 1408 718 1446 in
747 1422 853 1459 aequa
878 1409 965 1450 loca
998 1409 1218 1450 descensum
1249 1409 1368 1457 esset,

88 1464 309 1515 exspectare
349 1467 440 1516 regii
474 1468 707 1518 potuissent,
745 1470 982 1517 fortaffisin
1018 1470 1191 1522 periculo
1226 1473 1262 1512 δι
1298 1484 1370 1511 co-

88 1527 217 1567 hortes
238 1528 444 1576 Romanae,
470 1533 527 1580 δε,
544 1545 658 1582 quam
685 1533 951 1583 adducebant,
973 1548 1124 1574 annona
1145 1536 1266 1575 fuerat
1286 1548 1295 1575 ;
1329 1535 1369 1574 in

82 1589 173 1639 :ipsis
197 1589 325 1642 adhuc
350 1592 528 1642 angustiis
553 1594 760 1635 invadente
790 1595 916 1646 hoste,
944 1600 979 1637 ἃ
1000 1597 1109 1637 suum
1135 1597 1201 1636 fibi
1224 1597 1371 1649 equi-ta-

88 1660 171 1689 tum
197 1651 384 1691 efficiente
407 1654 582 1694 inutilem
599 1687 610 1704 ,
639 1656 743 1697 haud
767 1671 864 1709 aegre
889 1658 1129 1707 restiterunt,
1162 1659 1286 1697 donec
1306 1671 1372 1697 au-

93 1713 229 1752 xilium
264 1715 443 1756 Lucullus
475 1717 724 1759 submitteret.
764 1721 866 1760 Turn
899 1734 988 1760 vero
1023 1720 1139 1760 effusa
1166 1721 1257 1771 fuga
1290 1719 1372 1760 Mi-

91 1773 385 1827 thridaticorum
412 1778 537 1818 versus
560 1793 647 1819 eum
671 1780 801 1821 locum
816 1814 827 1830 ,
853 1783 920 1822 ubi
943 1782 1096 1823 Taxiles
1118 1785 1152 1823 ἃ
1175 1782 1373 1832 Diophan-

91 1843 154 1875 tus
179 1837 384 1887 tenebant,
406 1841 546 1879 eodem
561 1842 679 1884 etiam
704 1843 890 1882 victorem
912 1844 1086 1883 deduxit.
1104 1845 1139 1883 δέ
1163 1842 1245 1893 post
1260 1854 1369 1889 acre,

91 1896 157 1936 sed
196 1898 352 1939 minime
387 1900 620 1941 obstinatum
660 1912 878 1954 certamen,
917 1905 1091 1958 dissipata
1126 1904 1374 1945 barbarorum

93 1959 218 2007 acies,
244 1959 388 2000 diversa
420 1961 510 2013 fuga
540 1963 742 2014 disparuit:
769 1967 886 2017 pauci
910 1979 1000 2006 cum
1026 1967 1110 2018 ipsis
1135 1967 1297 2006 ducibus
1321 1964 1372 2004 ad

92 2020 357 2061 Mithridatem
394 2036 658 2074 pervenerunt.

149 2082 306 2123 XXIX.
336 2084 481 2135 Magna
507 2099 552 2126 eo
581 2088 643 2126 die
669 2089 792 2128 caedes
823 2090 1014 2140 regiorum
1040 2090 1136 2139 fuit,
1167 2087 1201 2131 8<
1222 2104 1242 2131 a
1262 2091 1376 2142 quin-i

95 2158 168 2195 que
203 2144 469 2186 Romanorum
505 2148 703 2198 millibus,
740 2152 894 2201 triginta
930 2152 1074 2200 millia,
1113 2155 1229 2194 totius
1265 2168 1373 2194 exer-

95 2207 194 2245 citus
222 2208 314 2258 regii
341 2208 481 2258 robur,
505 2210 585 2250 fusa
611 2212 836 2253 referuntur.
870 2215 1137 2264 Mithridates,
1164 2216 1237 2256 hac
1261 2230 1373 2256 acce-

84 2277 164 2318 ipta
199 2269 331 2318 clade,
357 2272 525 2320 veritus,
552 2286 601 2313 ne
628 2274 850 2315 destitutum
886 2277 1055 2327 equitatu
1089 2279 1374 2329 quamprimum

96 2330 280 2370 Lucullus
310 2331 603 2373 circumveniret
619 2365 629 2383 ,
654 2335 775 2375 statim
805 2339 1028 2377 convocatis
1050 2339 1185 2378 amicis
1211 2342 1374 2391 aperuit,

143 2447 163 2486 ς
193 2446 333 2480 XXVII.
362 2447 449 2481 Plut.
471 2449 504 2480 in
528 2449 659 2483 Lucull.
677 2463 704 2483 c.
732 2462 783 2496 33.
803 2451 975 2486 Memnon.
1006 2451 1027 2497 §
1050 2451 1206 2488 XXV111.
1228 2452 1376 2498 Appian-

98 2482 274 2526 Mcmnon.
305 2492 415 2538 I’izleg.
439 2506 491 2538 ap.
516 2494 613 2527 Pher³
