1638 2937
205 203 288 251 IN
325 202 497 252 eoo.
544 199 683 247 ΜΒ.
732 198 975 246 mxxiv
1020 203 1183 261 Lm
1272 215 1364 267 237

80 309 280 362 perniciosi
320 310 436 349 moris
475 307 698 359 exemplum
734 305 918 354 consensu
950 305 1100 346 senatus
1131 308 1367 348 adversantis

78 372 296 413 cohibitum
321 373 382 411 est.

133 433 215 473 VII.
250 435 332 473 Nec
359 431 574 472 omittenda
608 430 665 470 M.
692 429 859 469 Castricii
885 427 1095 468 Placentini
1128 430 1365 479 constantia,

78 495 145 545 qui
177 495 275 534 forte
306 494 565 545 magistratum
601 493 640 531 in
669 492 791 542 patria
816 490 997 543 gerebat,
1038 503 1127 529 cum
1154 504 1201 530 eo
1231 492 1366 532 consul

77 556 227 595 obfides
251 564 476 606 accepturus
504 554 584 606 ipse
612 554 729 594 venit.
766 553 844 593 Sed
872 553 1041 604 petenti,
1062 554 1223 592 decretum
1248 570 1287 592 ea
1323 556 1366 592 de

76 633 113 656 re
135 618 244 668 fieri,
282 618 485 669 Castricius
512 630 637 668 neque
664 629 810 657 nomen
849 614 1041 662 consulis,
1081 627 1205 664 neque
1242 628 1368 654 morea

77 681 286 730 Carbonis,
328 695 376 720 ne
402 681 571 732 legiones
605 681 789 731 quidem,
816 692 909 730 quas
935 679 1169 727 adduxerat,
1199 679 1365 726 veritus,
1421 700 1425 705 ·

75 747 312 795 pernegavit.
337 758 502 795 cumque
515 745 632 783 iratus
652 743 776 784 Carbo
795 741 973 789 dixisset,
992 742 1121 780 multos
1143 756 1203 794 ego
1220 742 1366 794 gladios

74 809 213 846 habeo.-
247 807 343 846 nihil
375 817 552 846 contatus
588 806 776 856 subjecit,
811 807 846 845 δ’
875 819 937 858 ego
963 819 1090 844 annos.
1136 805 1198 844 Sic
1229 806 1264 843 Sc
1298 804 1365 842 in-

76 878 234 921 ceptum
264 870 450 910 Carbonis
485 870 635 908 irritum
662 869 761 909 fuit:
799 870 834 908 &
859 868 938 916 ira,
976 868 1107 918 magni
1134 859 1279 906 doloris
1299 876 1365 906 te-

74 945 193 972 nuem
228 946 249 972 e
282 933 388 972 senili
426 932 607 983 sanguine
634 932 845 970 vindictam
887 929 1084 980 aspernata
1105 959 1115 977 ‚
1157 930 1363 968 detumuit,

73 993 265 1046 Depulsus
288 996 361 1034 hac
386 995 450 1046 spe
474 993 625 1042 consul,
650 1006 698 1032 ne
723 992 823 1032 nihil
846 991 1049 1031 obtinuisse
1069 991 1286 1035 videretur,
1313 990 1363 1029 ad

74 1065 199 1092 novos
228 1055 330 1092 cives
358 1053 633 1102 libertinosque
661 1055 808 1094 recenti
843 1052 1030 1090 beneficio
1060 1051 1200 1090 areius
1226 1050 1365 1098 adjun-

73 1115 220 1166 gendos
243 1115 433 1153 convertit
461 1114 659 1162 animum3
692 1113 923 1163 effecitque,
945 1121 990 1151 'ut
1019 1112 1091 1151 illis
1116 1111 1361 1162 suffragium,

73 1190 151 1228 qua
172 1177 220 1216 de
241 1190 281 1216 re
298 1186 485 1216 certatum
508 1177 624 1215 toties
650 1176 795 1224 fuerat,
819 1173 1143 1214 senatusconsulto
1171 1174 1335 1213 daretur.

104 1239 229 1281 ‘VHL
265 1240 343 1282 Sub
370 1242 410 1280 id
446 1250 599 1290 tempus
624 1239 794 1279 Africam
817 1250 969 1288 quoque
998 1236 1362 1287 inquietanrcivilis

72 1302 167 1343 belli
188 1303 364 1354 quaedam
389 1303 498 1342 initia
528 1301 758 1341 habuerunt.
785 1301 835 1351 Q.
857 1298 1040 1340 Metellus
1059 1299 1166 1346 Pius,
1190 1300 1255 1349 qui
1280 1311 1364 1348 par-

70 1372 131 1404 tes
152 1365 401 1415 optimatium
430 1364 582 1403 secutus
616 1353 723 1411 erest,
755 1362 860 1401 haud
886 1361 1190 1405 contemnendas
1214 1361 1266 1399 ibi
1299 1372 1364 1398 co„

68 1427 153 1477 pias
193 1425 382 1476 habebat,
412 1439 434 1465 a
460 1425 534 1464 suis
572 1427 607 1465 δε
638 1424 752 1475 patris
786 1423 985 1464 Numidici
1014 1422 1218 1461 clientibus
1253 1421 1361 1460 haud

69 1488 236 1538 segniter
263 1488 430 1536 adjutus.
452 1486 666 1527 Accefferat
687 1485 744 1526 M.
770 1483 916 1524 Crassus
939 1483 1184 1530 adolescens,
1211 1484 1274 1534 qui
1300 1484 1362 1521 in-

69 1558 130 1588 ter
161 1549 376 1588 Cinnanam
406 1549 695 1599 Marianamque
725 1546 898 1595 rabiem,
929 1559 1002 1596 qua
1027 1553 1135 1596 pater
1165 1547 1249 1594 ejus
1279 1544 1360 1583 fra-

69 1619 204 1660 terque
232 1610 318 1649 sunt
343 1610 532 1658 absumffl,
567 1612 605 1648 in
636 1607 863 1658 Hispaniam
888 1606 1061 1657 elapsus,
1091 1605 1221 1645 multis
1253 1613 1379 1645 men-'

67 1672 170 1712 sibus
186 1672 226 1711 in
247 1672 429 1723 spelunca
443 1672 610 1722 quadam
632 1670 804 1709 latuerat.
827 1670 862 1709 Is
876 1699 887 1718 ,
909 1668 1064 1719 cognito
1083 1668 1214 1708 Cinnae
1229 1668 1363 1706 interi-

67 1742 133 1784 tu,
154 1734 367 1786 progress'us
396 1735 437 1773 in
469 1733 598 1773 lucem
615 1764 627 1783 ,
664 1731 981 1771 concurrentibus
1005 1731 1052 1769 ad
1086 1743 1175 1769 eum
1201 1729 1358 1780 multis,

67 1795 275 1835 hominum
315 1797 392 1835 duo
426 1794 545 1834 millia
579 1795 808 1845 quingentos
841 1800 1080 1841 armaverat3
1117 1794 1153 1831 ἅ
1182 1793 1357 1831 civitatee

66 1857 230 1907 obiens,
265 1858 370 1908 quod
402 1869 489 1896 cum
530 1867 639 1908 patre
675 1866 837 1907 praetore
871 1855 1014 1894 multos
1046 1863 1135 1895 ante
1171 1868 1289 1895 annos
1318 1856 1360 1894 in

66 1919 252 1971 Hispania
277 1921 401 1960 fuerat
417 1951 428 1970 ,
460 1920 656 1971 hospitum
687 1921 980 1970 amicorumque
1009 1917 1226 1959 voluntates
1247 1931 1362 1968 expe-

65 1982 247 2022 riebatur.
1034 2030 1037 2033 .

120 2045 192 2084 IX.
212 2044 316 2096 Inter
337 2043 420 2083 haec
446 2057 535 2084 cum
566 2045 614 2084 de
631 2044 793 2085 Metello
813 2044 998 2093 audisset,
1027 2056 1141 2083 naves
1169 2043 1354 2092 adeptus,

64 2105 116 2145 ad
139 2118 228 2144 eum
250 2107 288 2144 in
316 2106 484 2146 Africam
509 2106 670 2156 trajecit.
701 2106 777 2146 Sed
800 2105 873 2144 illae
898 2105 1089 2144 bellorum
1116 2105 1248 2151 minae,
1273 2113 1357 2142 tan-

64 2181 183 2217 quam
215 2168 417 2208 nubeculae
443 2169 522 2208 fine
546 2169 770 2219 tempestate
794 2168 1030 2206 transierunt.
1061 2167 1144 2207 Nec
1173 2165 1355 2204 diuturna

64 2229 163 2268 inter
179 2228 382 2269 Metellum
399 2230 647 2280 Craffumque
672 2229 883 2269 concordia
899 2228 998 2268 fuit:
1021 2226 1231 2276 relic-*toque
1255 2225 1321 2264 illo
1338 2255 1352 2274 a

65 2290 117 2329 ad
139 2290 285 2330 Sullam
312 2290 534 2330 adolescens
560 2290 755 2341 profectus
790 2289 870 2337 est3
904 2286 1112 2329 Metellum
1142 2287 1185 2327 C.
1210 2286 1352 2326 Fabius

63 2360 202 2403 praetor
235 2351 386 2403 expulit
417 2352 573 2402 Africa,
606 2351 832 2402 rursumque
860 2350 909 2390 ad
936 2350 1109 2401 pristinas
1138 2351 1177 2387 in
1205 2348 1353 2400 Liguri-

107 2470 130 2514 ς
155 2471 217 2522 ῩῙ.
241 2471 318 2503 Liv.
338 2471 431 2515 Epit.
468 2471 492 2513 5
517 2472 596 2508 vn.
620 2471 699 2509 val.
720 2470 818 2507 Max.
842 2469 865 2505 6
881 2495 892 2515 ‚
915 2480 950 2506 2·
982 2468 1006 2516 5
1030 2468 1126 2507 VIII.
1153 2468 1230 2506 Liv.
1254 2468 1350 2516 Epits

64 2513 162 2554 Plut.
182 2527 218 2551 m
244 2516 389 2553 Gracch.
416 2527 445 2552 c.
471 2525 506 2561 9·
