1638 2937
238 175 316 222 1N
365 163 1080 220 LOC4L1B.XC1LIV.
1231 185 1320 234 333

112 280 260 323 XXVI.
300 282 404 322 Inter
439 280 539 319 hanc
569 278 848 318 dubitationem
884 277 998 328 pulsis
1029 278 1205 329 utrinque
1241 293 1326 319 cor-

48 345 192 392 nibus,
227 345 278 383 ita
309 342 681 385 circumveniuntur,
715 350 756 378 ut
794 351 920 389 neque
959 341 1210 388 repugnando
1249 343 1324 380 scr

45 409 150 455 vari,
178 419 301 456 neque
338 416 536 454 erumpere
571 403 618 441 ad
648 402 779 452 fugam
819 400 978 451 ponent
1024 400 1080 439 lbi
1119 401 1327 442 vehemen-

42 468 185 507 tissime
208 468 431 506 dimicatum
465 464 542 510 est,
570 464 623 502 ita
653 461 812 512 promtis
837 459 1032 510 avidisque
1065 461 1251 512 ducibus,
1282 473 1326 505 ut

45 529 208 570 Metello
245 529 283 566 in
311 527 467 576 sagum,
498 523 688 573 Hirtulejo
719 524 758 561 in
792 522 989 560 brachium
1027 521 1102 561 tela
1140 526 1324 565 venirent,

43 602 168 640 neque
195 599 272 628 tam
309 590 474 636 virtute,
506 600 620 637 quam
647 585 784 636 quibus
812 585 978 623 diximus
1005 586 1138 633 rebus,
1170 586 1328 627 inferio·

44 666 102 692 res
118 653 322 693 Sertoriani
346 652 575 690 exstiterunt.
600 650 657 689 Ita
679 649 812 699 viginti
835 647 1004 687 millibus
1031 648 1197 688 militum
1219 650 1327 689 amis-

41 715 115 761 fis-,
140 715 252 765 pauci
278 715 316 752 in
347 714 571 754 Lulitaniam
599 724 687 750 cum
720 712 819 750 duce
849 711 1081 760 refugerunt.
1112 712 1246 762 Neque
1272 722 1327 753 ta,

41 790 132 816 men
165 777 228 815 ille
254 777 354 815 cladi
378 776 531 814 suorum
564 775 629 813 diu
664 773 846 823 superstes
875 774 976 820 fuit,
1017 773 1109 812 dum
1145 776 1325 824 reparatis

41 839 185 878 viribus
216 839 409 878 fortunam
441 838 568 876 denuo
599 844 744 884 tentat,
782 848 871 874 cum
898 835 1014 873 fratre
1043 835 1091 874 ad
1125 836 1327 886 Segoviam

41 901 276 941 interfectus.
305 901 394 950 Quo
419 908 594 948 tempore
619 899 819 945 barbarum,
845 897 903 950 qui
919 896 1012 948 sone
1034 897 1192 948 evaserat
1207 927 1218 945 ,
1240 912 1329 936 mm-

43 965 129 1001 tium
155 964 268 1001 cladis
293 962 490 1009 Sertorius,
525 975 600 999 cum
634 961 784 998 maxime
814 973 970 1011 pugnam
992 960 1170 1012 'adversus
1205 960 1326 1012 hostem

42 1026 163 1074 ciens,
186 1040 203 1063 e
228 1025 367 1078 vestigio
387 1025 538 1076 pugione
564 1022 728 1075 trajeciffi}
766 1021 932 1068 dicitur3
966 1023 1122 1068 veritus,
1153 1036 1213 1069 ne,
1240 1023 1330 1060 inter

44 1086 174 1124 milites
194 1085 343 1138 vulgata
369 1085 417 1122 rei
435 1083 540 1136 fama
555 1112 566 1130 ,
591 1083 727 1120 animos
750 1096 859 1120 eorum
879 1080 1080 1130 alienffmo
1106 1094 1251 1135 tempore
1271 1083 1328 1120 in-

31 1146 212 1199 flingeret·

98 1209 265 1250 XXVII.
302 1210 492 1259 Magnum
526 1208 626 1246 enim
659 1208 819 1247 omnino
852 1206 1146 1245 incommodum
1172 1218 1328 1257 accepe-

43 1281 129 1320 rat,
160 1272 291 1321 insigni
318 1271 439 1318 duce,
477 1269 684 1319 multisque
719 1268 1006 1307 fortiffimorum
1042 1269 1203 1306 virorum
1243 1267 1333 1307 mih

42 1333 143 1374 libus
171 1333 389 1382 deperditis.
429 1331 502 1371 Sed
529 1343 644 1369 nemo
671 1340 813 1369 temere
841 1340 925 1367 tum
955 1329 1002 1367 ad
1031 1328 1125 1367 alios
1151 1328 1240 1367 belli
1270 1342 1331 1367 ca-

45 1395 130 1444 sus,
153 1403 234 1433 tum
257 1395 295 1432 in
320 1393 542 1443 reparandis
567 1391 764 1437 cladibus,
787 1391 953 1431 Sertorio
975 1390 1052 1429 dux
1079 1389 1212 1428 melior
1231 1401 1330 1431 erat:

44 1469 133 1494 cum
157 1456 319 1494 invicius
348 1454 428 1504 ipse
444 1484 455 1502 ,
486 1451 699 1504 legatorum
731 1453 847 1503 culpa
869 1453 1070 1492 fortunave
1092 1451 1330 1493 vulneratam

44 1519 197 1558 causam
225 1518 392 1557 mirabili
425 1517 573 1567 semper
609 1516 802 1556 celeritate
839 1515 1075 1566 consilioque
1110 1515 1330 1555 restitueret,

44 1581 157 1621 Unde
187 1581 319 1630 ingens
347 1579 416 1617 viri
444 1591 611 1626 nomen,
641 1578 888 1627 quotidieque
919 1579 1068 1625 majus,
1096 1588 1145 1613 ne
1171 1576 1330 1625 quidem

47 1643 209 1692 Europae
236 1641 376 1680 finibus
401 1640 692 1686 continebatur,
722 1641 815 1707 quin
837 1639 959 1678 Aliam
989 1651 1142 1689 quoque
1175 1641 1210 1679 8<
1237 1640 1332 1678 Pone-

43 1711 128 1741 tum
161 1700 365 1751 implerent
390 1702 472 1749 ejus
506 1699 709 1747 laudibus,
742 1699 804 1749 qui
829 1712 877 1738 ex
907 1699 1124 1738 Occidente
1150 1700 1329 1738 adventa

43 1765 147 1805 bant.
182 1765 298 1813 Quod
324 1778 402 1803 non
435 1763 617 1803 ultimum
653 1763 945 1801 incitamentum
973 1762 1194 1815 Mithridati
1226 1762 1326 1809 fui‚t

0 1837 1 1841 ¹
43 1838 112 1864 cur
135 1826 231 1864 tertii
258 1824 372 1870 belli
399 1824 541 1874 sibique
564 1824 611 1863 ad
632 1823 864 1874 postremum
891 1822 1057 1870 exitiosi,
1084 1821 1207 1861 aleam
1230 1821 1330 1861 subi

41 1896 125 1928 ret:
156 1886 298 1926 elatum
329 1887 423 1937 regis
452 1888 624 1926 animum
657 1885 741 1925 aliis
771 1887 889 1925 etiam
925 1883 1207 1924 stimulantibus
1240 1896 1329 1922 οω-

43 1949 100 1988 sis.
138 1948 293 1999 Quippe
319 1948 402 1999 post
431 1949 619 1988 remissam
651 1962 671 1988 a
694 1949 797 1989 Sulla
832 1948 1090 1999 legationem,
1126 1948 1333 1999 Cappado-

43 2012 144 2049 ciam
182 2010 451 2058 Ariobarzani,
472 2011 530 2050 uti
563 2010 679 2059 jussus
713 2019 815 2058 erat,
844 2010 1077 2050 restituerat:
1109 2021 1197 2048 cum
1233 2008 1330 2048 alios

45 2082 213 2111 oratores
229 2072 421 2112 scribendi
446 2073 602 2112 foederis
623 2071 733 2111 causa
751 2074 916 2112 Romam
936 2072 1163 2122 ablegasset,
1187 2073 1327 2112 iterum

44 2135 110 2185 spe
135 2133 199 2172 sua
224 2134 416 2172 frustratus
433 2135 511 2182 est⁷
535 2135 646 2184 quia,
683 2144 835 2174 mortuo
864 2136 942 2184 jam
976 2134 1080 2175 Sulla
1098 2165 1109 2183 ,
1136 2135 1328 2185 magistra-

43 2204 105 2234 tus
132 2194 305 2233 civilibus
330 2194 447 2232 turbis
472 2194 650 2243 impediti
678 2194 726 2233 de
751 2207 796 2232 eo
819 2195 973 2244 negotio
998 2208 1078 2234 non
1101 2195 1323 2236 retulerunt.

97 2258 282 2298 XXVIII.
314 2258 433 2308 Igitur
454 2257 700 2298 Mithridates
725 2257 879 2297 ultionis
901 2257 1087 2308 cupidus,
1118 2260 1152 2297 &
1174 2258 1239 2297 fibi
1261 2258 1327 2297 ad.

43 2321 124 2376 buc
155 2321 326 2370 diffisus,
364 2321 571 2372 Tigranem
607 2320 813 2361 subornat:
851 2321 1003 2361 facilius
1033 2321 1327 2371 conjicientibus

91 2441 114 2484 5
141 2440 267 2472 XXVI.
289 2440 415 2472 Sallust.
436 2439 538 2473 Oros.
568 2451 601 2481 ς,
627 2451 681 2481 23.
708 2441 797 2474 Flex.
830 2450 870 2483 3,
896 2451 951 2472 22.
981 2441 1057 2474 Liv.
1083 2441 1175 2483 Epit.
1209 2442 1328 2479 Frontfi

47 2495 91 2528 2,
119 2494 152 2525 7.
177 2484 357 2530 §xxxa
383 2485 471 2520 Plut.
493 2487 528 2518 in
550 2484 675 2520 Sertot.
699 2497 729 2522 c.
749 2496 803 2531 30.
830 2485 978 2530 Appiam.
999 2485 1158 2522 Mithrid.
