1638 2937
299 163 759 211 1NLOC.L113.
805 163 893 208 xc
944 165 1088 210 mv,
1262 182 1346 228 313

121 269 209 310 XII.
237 268 360 308 Primo
386 269 507 307 statim
535 268 680 317 impetu
704 265 831 317 pulsus
847 266 1038 315 Lepidus,
1069 267 1109 305 in
1131 267 1350 309 Hetruriam

69 331 257 383 perfugit:
294 330 496 379 Pompejus
530 327 728 367 adversum
764 327 925 367 Brutum
951 327 1003 365 est
1040 328 1256 377 profectus,
1288 329 1354 380 qui

67 392 211 443 legatus
234 391 369 442 Lepidi
395 389 556 430 Galliam
585 387 816 439 Cisalpinam
841 401 920 428 non
952 388 1117 428 invalida
1145 404 1262 429 manu
1285 391 1355 430 ob..

67 454 224 493 tinebat.
253 455 350 493 Satis
370 453 435 491 diu
455 451 599 491 bellum
628 452 668 491 id
686 453 849 491 tractum
875 453 924 490 ad
948 452 1143 492 Mutinam
1169 453 1239 492 est:
1261 466 1353 494 cum

70 516 186 555 castra
209 515 335 554 castris
359 514 529 565 oppofita
552 513 693 561 effent,
717 526 789 552 nec
810 514 858 552 ad
882 513 1067 553 summam
1089 514 1142 553 rei
1161 515 1357 564 profectu-

68 589 108 616 ra
135 576 341 615 certamina
368 575 663 614 consererentur.
695 575 746 614 Ea
770 587 828 613 res
845 575 992 626 Lepido
1008 606 1018 624 ,
1037 575 1104 625 qui
1119 577 1354 615 circumacto

70 638 225 681 interim
251 651 352 677 anno
383 636 608 688 proconsule
641 635 678 675 se
709 637 890 687 gerebat,
926 638 1047 676 otium
1080 637 1268 688 praebuit,
1290 647 1355 685 ut,

71 702 242 742 collerstis
265 714 314 740 ex
346 700 515 751 qualibet
539 700 741 739 hominum
777 701 871 739 faece
895 701 1016 751 copiis
1044 699 1214 750 magnis,
1233 699 1281 738 ad
1297 712 1359 741 ur-

73 766 161 807 bem
189 764 386 810 tenderet,
415 761 649 812 assidensque
674 762 913 802 consulatum
941 762 1100 801 alterum
1123 761 1343 813 postularet.

126 825 233 866 XIII.
266 826 323 866 Ad
349 825 493 864 famam
520 825 705 863 venientis
737 825 840 864 haud
871 838 984 875 parva
1005 825 1044 863 in
1074 825 1168 863 urbe
1194 824 1359 873 trepida-

74 888 127 926 tio
158 887 256 925 fuit:
288 887 323 927 Sc
345 886 384 924 in
413 885 543 924 senatu
574 886 622 935 Q.
645 885 842 935 Philippus
864 886 905 924 in
934 884 1015 924 haec
1040 884 1154 924 verba
1186 883 1355 923 censuit:

78 950 260 1000 Quoniam
282 949 436 1001 Lepidus
460 949 645 987 exercitum
666 948 807 1000 privato
826 947 964 998 confilio
976 958 1140 998 paratum
1153 976 1164 993 ‚
1189 960 1264 983 cum
1284 943 1361 997 pefi

64 1014 164 1066 fimis
180 1043 191 1060 ‚
220 1013 254 1051 δ’
281 1012 431 1065 hostibus
456 1012 649 1064 reipublicae
664 1042 674 1059 ‚
693 1023 814 1052 contra
846 1012 951 1065 hujus
977 1012 1110 1050 ordinis
1131 1011 1362 1050 aufforitatem

76 1078 126 1115 ad
147 1076 257 1114 urbem
276 1074 391 1122 ducit,
416 1074 468 1112 uti
493 1074 567 1126 Ap.
594 1072 765 1112 Claudius
786 1074 936 1111 interrex
961 1087 1035 1111 cum
1056 1074 1103 1123 Q.
1131 1072 1256 1112 Catulo
1278 1085 1362 1124 pro-

75 1138 209 1190 consule
223 1169 234 1186 ,
256 1139 291 1179 6³
307 1138 450 1185 ceteris,
475 1137 601 1189 quibus
621 1136 796 1188 imperium
819 1138 886 1190 est,
907 1137 982 1174 urbi
994 1137 1256 1189 praefidiofint,
1283 1149 1363 1189 ope-

74 1213 211 1252 ramque
229 1201 332 1246 dent,
353 1214 395 1237 ne
415 1198 501 1250 quid
521 1197 712 1250 respublica
737 1198 930 1236 detrimenti
954 1197 1087 1250 capiat.
1113 1196 1187 1236 Sed
1211 1202 1360 1234 metum

78 1261 155 1301 cito
184 1262 410 1301 ademerunt
438 1259 562 1301 allatae
588 1273 610 1299 a
636 1260 820 1310 Pompejo
844 1258 986 1307 literae,
1011 1258 1147 1309 quibus
1173 1257 1359 1310 confec-”lum

76 1322 224 1369 bellum,
248 1323 399 1360 traditus
421 1336 496 1360 cum
513 1321 663 1359 exercitu
686 1322 840 1369 Brutus,
862 1321 1145 1360 nuntiabantur.

133 1385 238 1424 XIV.
277 1384 375 1424 Eum
406 1384 610 1434 pompejus
627 1414 638 1430 ‚
669 1395 757 1423 cum
785 1383 906 1430 datis,
934 1383 995 1432 qui
1022 1381 1360 1433 prosequerentur,

85 1448 302 1498 equitibus,
327 1446 519 1497 Rhegium
548 1447 689 1485 deduci
709 1445 885 1495 juffiss'et:
916 1446 1040 1484 statim
1067 1443 1281 1494 insequenti
1307 1442 1371 1482 die

82 1509 314 1562 poenitentia
337 1507 472 1547 ductus
489 1537 500 1555 ‚
537 1507 760 1547 Geminium
797 1506 922 1554 mim,
951 1519 972 1545 a
1003 1519 1079 1556 quo
1102 1518 1180 1545 non
1204 1504 1279 1543 sine
1305 1503 1368 1542 in-

83 1566 201 1609 famia
232 1567 398 1618 perfidiae
427 1566 732 1617 crudelitatisque
756 1567 1000 1617 Pompejanae
1035 1565 1090 1604 est
1123 1564 1361 1604 interfectus

83 1629 180 1670 Alba
216 1642 396 1680 quoque,
428 1643 542 1680 quam
571 1629 712 1668 deinde
741 1628 904 1681 Pompeji
940 1640 1086 1668 nomen
1115 1625 1237 1665 tulisse
1263 1624 1370 1664 arbi-

85 1701 189 1739 tror,
215 1692 316 1742 quod
342 1691 388 1731 ab
411 1704 457 1731 eo
479 1700 562 1730 tum
590 1690 809 1730 conservata
833 1689 947 1739 esset,
978 1689 1176 1740 postquam
1203 1688 1369 1727 obsidio-

87 1768 177 1794 nem
200 1755 419 1805 famemque
438 1755 535 1794 ferre
564 1753 728 1804 amplius
754 1766 835 1792 non
858 1753 1003 1804 potuit,
1034 1753 1165 1792 dedita
1194 1752 1270 1800 est3
1298 1750 1370 1789 ibi-

90 1829 164 1867 que
185 1817 314 1867 Scipio
342 1828 429 1855 cum
455 1816 589 1867 Lepidi
614 1815 695 1855 filio
725 1823 858 1866 captus
889 1817 925 1854 δι
949 1813 1107 1855 occisus.
1141 1814 1244 1853 Inter
1266 1812 1371 1860 haec,

91 1878 262 1917 comitiis
284 1890 351 1927 per
381 1878 611 1928 interregem
641 1876 807 1926 habitis,
834 1875 1072 1916 consulatum
1103 1875 1148 1915 D.
1167 1875 1301 1923 junius
1324 1873 1369 1912 D.

91 1937 132 1978 F.
159 1939 223 1979 M.
242 1939 290 1978 N.
319 1938 456 1980 Brutus
471 1969 484 1985 ,
510 1939 731 1979 Mamercus
743 1937 918 1979 AEmilius
941 1937 1064 1979 Mam.
1092 1936 1132 1978 F.
1157 1936 1214 1976 M.
1232 1936 1281 1975 N.
1305 1935 1372 1974 Le-

91 2001 208 2051 pidus
232 2001 408 2042 Livianus
432 2002 613 2041 inierunt.

162 2061 248 2100 XV.
280 2061 506 2111 Mamerco,
534 2061 684 2101 homini
710 2060 919 2108 ditisiimo,
947 2072 996 2099 ne
1020 2059 1088 2099 suo
1112 2072 1213 2098 anno
1242 2054 1375 2096 consul

91 2122 199 2163 fieret
219 2153 230 2170 ,
264 2123 520 2173 praetermiffio
565 2123 755 2164 aedilitatis
796 2123 953 2170 nocuit,
993 2121 1098 2171 quod
1137 2119 1373 2162 sumtuosum

93 2186 315 2228 muneribus
340 2188 596 2238 magistratum
622 2200 751 2227 amore
775 2188 945 2238 pecuniae
971 2187 1136 2224 vitatum
1156 2185 1203 2224 ab
1233 2195 1279 2222 eo
1304 2195 1376 2233 po-

95 2248 207 2300 pulus
235 2250 460 2290 crediderat.
495 2258 578 2289 tum
603 2262 756 2300 quoque
775 2248 916 2290 tuliffet
942 2248 1152 2299 repulsam,
1176 2247 1215 2286 ni
1239 2246 1280 2286 C.
1302 2245 1376 2285 Cu-

94 2311 176 2359 rio,
201 2320 245 2351 ut
272 2311 577 2359 adolescentior,
608 2314 643 2351 &
676 2310 813 2363 populi
845 2309 1030 2361 suffragiis
1064 2310 1210 2360 integer
1229 2337 1240 2357 ,
1273 2307 1373 2346 aetati

99 2435 171 2521 ³75
198 2436 289 2472 XIV.
317 2437 404 2474 Plut.
434 2437 535 2472 Oros.
561 2449 595 2480 ς,
618 2449 670 2473 12.
692 2438 768 2475 Val.
793 2437 886 2471 Max.
915 2436 958 2483 6ι
983 2447 1014 2470 2.
1038 2436 1111 2470 Cic.
1138 2435 1178 2469 ad
1203 2434 1310 2470 Attic.
1333 2444 1373 2477 9„
