1638 2937
291 153 382 213 306
446 149 1061 198 JO.FRE1NSHEM11
1108 149 1468 200 SUPPLEM.

287 257 424 296 mortis
444 257 600 307 quidem
618 265 744 306 metu,
768 263 827 296 tot
851 256 1014 296 millium
1034 258 1076 296 in
1102 257 1140 296 se
1163 258 1314 302 irritatis
1335 261 1471 299 animis
1484 291 1494 306 ,
1511 272 1568 299 re*

283 327 440 367 tentus,
483 318 560 358 hoc
597 318 732 358 diserte
765 320 895 358 dicere
930 320 1122 358 videretur
1142 350 1153 368 ‚
1193 322 1316 371 perire
1346 322 1384 360 se
1418 321 1566 370 malle,

284 393 402 431 quam
425 381 566 419 diutius
587 381 812 420 dictatorem
835 394 959 432 agere.

354 443 546 483 XXXIX.
583 443 673 482 Non
708 442 873 491 dubito,
916 443 1008 494 quin
1046 442 1217 494 plerique
1250 457 1366 494 pravo
1402 444 1562 484 consilio

279 505 390 544 usum
418 505 526 544 fuiffe
551 505 695 545 Sullam
720 506 926 553 judicaturi
954 507 1044 554 lint,
1080 507 1408 555 quemadmodum
1437 510 1471 547 δι
1496 507 1564 546 sta-

279 570 352 607 tim
379 569 425 608 C.
457 568 577 607 Caesar
597 568 642 605 ‘in
671 568 881 616 depofitam
905 567 953 606 ab
979 581 1025 607 eo
1051 569 1279 608 dictaturam
1299 570 1456 619 ludens,
1483 571 1565 608 Sala

277 630 348 668 lanz
377 628 516 681 msciffi
538 629 660 666 literas
690 628 789 666 dixit
810 641 820 667 z
848 629 912 666 sed
937 637 1093 668 eventus
1115 631 1306 681 utriusque
1330 632 1417 670 satis
1444 632 1564 670 ostenz

281 692 358 739 dit,
386 690 596 729 doctiorem
621 689 660 727 in
685 688 743 727 his
762 690 925 742 negotiis
951 690 1092 729 Caesare
1114 690 1257 730 Sullam
1284 692 1405 732 fuiffe.
1438 693 1565 731 Proxi·

278 765 388 791 mum
424 751 566 790 deinde
603 749 831 789 miraculum
862 750 965 799 fuit,
1008 752 1112 801 q-uod
1140 753 1309 802 privato..
1329 765 1408 791 non
1436 751 1566 791 solum·

278 814 399 862 salus,
426 813 491 852 sed
520 814 635 852 etiam
658 813 822 863 dignitas
845 813 1047 852 constitit:
1073 825 1161 852 cum
1183 813 1385 864 plusquam
1405 823 1562 853 centum

277 877 402 916 millia
433 876 576 914 civium
608 876 871 915 Romanorum
891 905 904 924 ,
933 878 968 915 &
995 877 1096 913 inter
1126 874 1195 914 hos
1223 874 1415 914 senatores
1442 888 1562 913 nonae

277 940 408 989 ginta,
428 936 646 977 >consulares
671 937 895 987 quindecim
917 967 928 985 ,
961 937 1136 986 equitum
1163 936 1311 976 circiter
1339 937 1415 975 duo
1443 935 1562 975 millia

274 999 476 1039 sexcentos
521 999 786 1048 (computatis
821 1009 896 1037 una
935 997 1157 1050 exsulibus)
1197 997 1418 1047 occidisset,
1462 997 1562 1036 bona

276 1075 412 1101 eorum
440 1060 689 1108 vendidisset,
721 1059 861 1099 multos
893 1059 1109 1109 projecisset
1140 1058 1388 1108 inhumatos,
1429 1060 1562 1098 civita-

273 1134 332 1164 tes
359 1137 511 1174 quoque
541 1123 724 1173 plurimas
752 1123 929 1169 arcibus,
951 1123 1088 1169 muris,
1123 1123 1246 1172 agris,
1274 1122 1436 1171 pecunia
1458 1123 1562 1161 varie

273 1183 475 1234 spoliaffet.
490 1190 664 1222 *ceterum
677 1183 791 1223 illum
805 1214 815 1232 ‚
829 1197 878 1223 ne
892 1183 1097 1222 hominum
1119 1184 1294 1222 manibus
1318 1185 1393 1223 cita
1411 1186 1444 1223 ἃ
1462 1197 1564 1223 com·

274 1247 384 1284 muni
404 1244 582 1295 plurimis
607 1254 728 1284 morte
753 1245 1046 1295 defungeretur,
1072 1245 1122 1284 ad
1149 1245 1399 1284 memorabile
1432 1257 1562 1285 exem-

274 1308 383 1359 plum
414 1307 507 1346 ultio
533 1307 662 1345 divina
684 1306 908 1345 servaverat.

331 1370 412 1410 XL.
445 1370 538 1408 Ideo
563 1381 654 1407 cum
683 1368 970 1418 proconcione
1002 1367 1178 1416 dixisset,
1211 1368 1378 1406 rationem
1401 1369 1442 1420 [ὲ
1472 1370 1563 1407 ables

270 1447 344 1471 mm
368 1431 538 1478 omnium,
553 1432 591 1481 fi
610 1431 689 1482 quis
708 1433 881 1484 reposcat,
907 1431 1115 1468 redditurum
1143 1429 1204 1482 ff
1229 1445 1239 1467 .·
1269 1429 1424 1469 dimiffis
1451 1429 1561 1469 Ιίἑὶοα

272 1494 376 1532 ribus
409 1500 522 1541 atque
558 1491 754 1539 custodia,
791 1503 882 1530 cum
915 1492 1049 1530 amicis
1075 1492 1143 1530 diu
1176 1492 1217 1531 in
1244 1490 1402 1541 publico
1430 1491 1563 1531 deam-

274 1555 446 1602 bulavit,
479 1554 641 1592 attonito
669 1552 842 1604 populo,
876 1555 910 1593 Sc
936 1552 1018 1592 haec
1044 1552 1226 1592 miracula
1263 1566 1343 1590 non
1371 1552 1448 1592 fine
1472 1551 1561 1591 hors

272 1631 357 1656 rore
380 1618 552 1667 quodam
574 1616 790 1666 aspiciente.
817 1617 923 1657 Unus
947 1624 1098 1655 tantum
1123 1614 1343 1655 adolescens
1370 1614 1467 1663 fuit,
1493 1614 1558 1664 qui

273 1681 433 1720 auderet
471 1680 598 1729 queri:
635 1682 672 1718 δε
699 1679 786 1728 quia
821 1691 936 1717 nemo
971 1678 1226 1729 prohibebat,
1252 1678 1381 1716 animo
1406 1676 1558 1725 sumto,

272 1742 521 1785 recedentem
548 1740 663 1790 usque
686 1741 735 1779 ad
762 1740 864 1779 fores
890 1740 1027 1780 domus
1051 1739 1234 1779 conviciis
1258 1738 1463 1778 incesseret.
1497 1739 1560 1777 Ata

275 1817 349 1854 que
383 1803 476 1849 ille,
515 1805 624 1851 cujus
654 1803 748 1842 iram
780 1801 1031 1852 potentiffimi
1069 1801 1137 1840 viri
1171 1800 1424 1848 maximaeque
1459 1798 1560 1837 civi-

272 1875 398 1913 tates,
432 1877 504 1904 nec
527 1864 722 1914 effugere,
754 1877 825 1902 nec
851 1863 1003 1913 placare
1032 1871 1260 1913 potuerant,
1294 1862 1404 1900 unius
1432 1859 1560 1899 adole*

271 1926 432 1967 scentuli
467 1925 720 1965 contumelias
753 1925 915 1975 patienti
947 1924 1076 1962 animo
1111 1922 1225 1971 tulit3
1261 1923 1301 1961 id
1331 1930 1482 1960 tantum
1515 1921 1558 1959 in

272 1990 404 2029 limine
441 1991 518 2037 jam
548 1988 685 2027 domus
721 1986 885 2026 effatus:
924 1986 981 2024 hic
1007 1985 1204 2037 adolescens
1232 1983 1375 2037 efficiet,
1405 1998 1447 2020 ne
1479 1983 1560 2035 quis

268 2055 411 2107 posthac
436 2052 504 2090 tale
529 2052 708 2103 imperium
732 2052 894 2101 deponat.
931 2061 1046 2098 quam
1078 2048 1230 2097 praesagi
1266 2047 1386 2085 animi
1421 2056 1558 2085 vocem

272 2129 353 2155 non
374 2113 491 2164 longo
527 2113 610 2163 post
637 2121 811 2162 tempore
837 2111 999 2150 diCtator
1023 2110 1143 2150 Caesar
1162 2108 1346 2158 explevit.

337 2176 442 2216 XLI.
473 2173 578 2214 Sulla
609 2173 800 2224 profectus
822 2173 862 2212 in
880 2172 1117 2219 Cumanum,
1142 2169 1327 2217 rusticari,
1354 2168 1559 2219 piscando-

274 2253 349 2289 que
377 2241 411 2278 ἃ
436 2238 611 2276 venando
640 2247 791 2287 tempus
822 2237 959 2275 ducere
982 2235 1121 2285 coepit:
1154 2246 1242 2272 cum
1271 2233 1374 2283 prius
1394 2231 1556 2272 Hercul-i

274 2302 503 2342 consecratis
533 2300 714 2348 decimis,
737 2298 895 2349 epulum
922 2297 1068 2349 populo
1096 2294 1430 2335 sumtuofissimum
1453 2305 1556 2343 prae->
1582 2310 1585 2313 ·

323 2420 345 2463 §
370 2419 562 2453 XXXVIII.
585 2419 674 2451 Plut.
696 2418 730 2450 in
749 2418 832 2450 Sull.
854 2429 883 2449 c.
905 2416 959 2448 68.
983 2417 1125 2451 Sueten.
1142 2415 1178 2449 in
1196 2413 1282 2449 Caes.
1297 2413 1443 2457 Appiam.
1460 2409 1560 2445 civil.

271 2466 299 2503 1,
323 2476 351 2497 1.
375 2463 477 2498 Oros.
497 2474 511 2515 5
528 2489 537 2507 ,
559 2475 613 2497 22.
648 2464 670 2508 5
698 2463 768 2497 XL.
794 2462 884 2499 Plut.
907 2461 1053 2506 Appiam.
