1638 2937
254 180 332 227 IN
370 179 541 227 too.
590 177 719 227 tia.
765 176 917 226 xcw
970 181 1113 229 [ιν.
1249 181 1341 245 365⁴

65 285 122 326 fit.
148 286 213 326 sed
241 300 261 326 a
289 294 384 326 terra
413 285 550 337 triplex
580 285 717 325 eadem
746 285 807 324 die
833 292 991 324 conatus
1016 286 1164 335 faetus,
1199 288 1344 327 machi„

65 361 198 399 meque
231 351 420 397 admotae,
447 349 616 399 gnaviter
650 349 698 386 ad
729 347 987 387 defensionem
1024 351 1344 390 concurrentibus

62 412 302 461 oppidanis,
336 411 392 449 uti
419 422 569 460 quoqne
601 409 689 448 loco
720 407 918 447 necessitas
950 409 1176 458 postulabat.
1208 413 1345 450 arietes
1402 453 1404 456 ,

64 484 133 513 aut
164 473 397 514 libramentis
421 474 601 512 saxorum
632 473 783 522 injedtis
809 472 1175 523 praefringebantur'3
1202 484 1268 514 aut
1291 475 1345 514 la-

65 534 173 582 queis
193 547 325 572 eorum
346 532 612 571 avertebantur
635 533 751 581 ictus3
775 544 839 571 aut
860 533 1022 582 objectis
1045 547 1066 572 e
1087 534 1243 573 vimime
1265 547 1347 573 cra-

63 593 167 632 tibus
199 594 283 633 lana
311 593 466 644 repletis
498 593 759 633 eludebantur.
802 603 936 633 contra
962 595 1083 644 ignita
1117 595 1214 643 tela,
1246 596 1345 635 aceti

68 657 106 695 δε
143 669 322 706 aquarum
368 656 478 706 copia
522 656 653 706 praesto
691 665 780 696 erat.
833 665 958 696 cetera
995 657 1146 698 missilia
1183 659 1347 698 vestibus

67 718 368 769 centonibusque
405 718 578 768 oppansis
607 719 755 768 impetu
776 718 897 758 frasto
923 720 1112 759 cadebant
1137 721 1260 763 irrita:
1291 724 1350 760 ni..

65 777 126 817 hil
161 779 352 828 denique,
385 779 487 828 quod
523 778 689 817 humana
717 779 915 830 suggerere
946 789 1013 820 aut
1046 781 1200 833 exsequi
1234 784 1346 823 indu-

67 838 152 878 stria
178 839 291 889 poffit
310 870 320 888 ,
344 852 366 878 a
396 839 595 889 Cyzicenis
618 839 878 879 omittebatur.

122 901 232 940 XllI.
262 902 395 951 Neque
422 910 550 939 tamen
580 901 774 952 prohiberi
802 902 952 952 potuit,
984 915 1034 941 ne
1050 915 1135 954 pars
1160 904 1349 945 moeniuin

65 960 267 1011 succensa,
284 962 351 1002 sub
372 962 567 1012 vesperam
590 965 823 1003 concideret.
851 965 929 1004 Sed
951 963 1091 1012 hostis,
1118 979 1168 1004 ne
1186 980 1253 1016 per
1276 968 1351 1006 rui-

66 1036 135 1063 nas
161 1025 383 1073 irrumperet
399 1054 409 1071 ‚
439 1024 573 1063 ardore
596 1025 767 1064 incendii
790 1027 997 1066 vetabatur.
1028 1027 1171 1067 idcirco
1193 1027 1350 1079 sequen*²

69 1085 99 1123 ti
131 1087 244 1124 noete
273 1084 409 1124 obseffi
443 1085 518 1124 alio
560 1087 803 1127 munimento
839 1088 1007 1127 excitato
1048 1088 1260 1129 clauserunt
1292 1090 1352 1130 lo·-

69 1158 174 1185 cum.
204 1146 474 1194 Mithridates,
502 1159 608 1186 vanae
626 1150 925 1199 oppugnationis
948 1149 1082 1189 dolore
1106 1165 1227 1201 aeger,
1251 1154 1352 1192 varie

69 1206 108 1241 se
135 1207 359 1254 torquebat,
393 1220 474 1245 non
512 1205 635 1247 solum
672 1210 811 1248 virtute
850 1210 1108 1251 obsessorum.
1138 1213 1201 1249 sed
1238 1215 1351 1246 priam

68 1264 215 1303 casibus
244 1271 421 1315 territus,
451 1282 545 1319 quos
582 1267 750 1317 plerique
778 1273 827 1303 ad
851 1273 1021 1304 faventia
1055 1265 1256 1316 Cyzicenis
1281 1280 1355 1305 nu-

69 1325 174 1365 mina
205 1325 430 1364 referebant.
473 1327 700 1381 Aristagoras
729 1325 856 1373 enini,
889 1325 953 1374 qui
987 1326 1026 1363 in
1049 1323 1200 1364 summo
1232 1329 1354 1377 magi-

70 1388 183 1427 stratu
220 1387 355 1437 populi
392 1384 552 1434 agebat,
599 1387 843 1438 Proserpinam
870 1385 1035 1438 adstitff
1057 1387 1127 1437 fibi
1154 1388 1192 1424 in
1216 1388 1355 1439 sturmis

68 1449 275 1494 asserebat,
312 1449 503 1494 dicentem,
525 1448 694 1500 adverfics
720 1448 891 1485 Ponticos
916 1448 1109 1495 tubicines,
1136 1450 1296 1501 Africum
1312 1451 1354 1503 fi

66 1500 244 1549 ¹tibicinem
265 1509 484 1562 comparaffi.
514 1509 742 1549 Mirantibus
764 1509 863 1549 hanc
885 1522 1020 1548 vocem
1041 1510 1261 1561 Cyzicenis,
1285 1511 1353 1550 sub

68 1573 234 1623 primam
268 1571 395 1610 lucem
428 1570 677 1610 intumescere
716 1585 844 1621 mare,
888 1571 1087 1623 ventisque
1120 1573 1355 1613 sibilantibus

69 1634 257 1674 machinae
301 1633 456 1672 stridere
487 1643 698 1683 coeperunt.
746 1648 837 1673 mox
864 1634 1081 1674 incredibili
1113 1635 1356 1675 vehementia

70 1705 228 1736 coortus
248 1696 375 1735 Auster
391 1704 512 1735 turres
538 1696 725 1746 hostium,
744 1698 842 1735 inter
867 1710 958 1747 quas
980 1699 1015 1737 ἃ
1036 1697 1143 1736 illam
1167 1698 1354 1748 insignem

70 1767 229 1797 centum
254 1756 470 1801 cubitorum
487 1756 714 1804 altitudine,
737 1768 935 1797 momento
959 1759 1132 1807 disjecit,
1152 1761 1187 1798 &
1210 1759 1353 1799 machi·

71 1832 142 1860 nas
168 1818 329 1870 reliquas
362 1819 415 1857 ita
440 1818 642 1869 laceravit,
665 1830 707 1859 ut
728 1820 881 1859 inutiles
907 1822 1167 1861 redderentur.

140 1882 245 1923 XIV.
278 1881 470 1922 Iliensium
496 1895 649 1932 quoque
685 1882 816 1922 multis
850 1883 1059 1934 apparuiffe
1083 1898 1153 1935 per
1187 1887 1356 1936 quietem

74 1947 261 1989 Minervae
286 1946 453 1996 speciem
484 1947 635 1996 ferunt,
674 1947 797 1987 multo
831 1948 968 1987 sudore
995 1950 1206 1997 manantis,
1234 1950 1357 1989 osteno

70 2009 189 2060 saque
217 2009 320 2059 pepli
347 2018 452 2060 parte
479 2009 669 2059 disrupta,
700 2010 884 2057 dicentis,
909 2012 1067 2063 modofi
1095 2012 1140 2048 ab
1163 2027 1225 2065 ope
1249 2013 1355 2065 csti-

73 2072 168 2110 cenis
182 2070 329 2122 ftrenda
348 2072 485 2110 reverti.
514 2071 630 2111 Aliud
661 2071 802 2110 deinde
825 2071 1052 2110 miraculum
1076 2082 1206 2123 captas
1230 2072 1357 2124 super-

74 2133 228 2172 stitione
267 2141 437 2180 mentes,
465 2146 534 2182 pro
563 2131 792 2172 diversarum
821 2132 985 2182 partium
1018 2132 1168 2181 studiis,
1203 2133 1267 2183 spe
1291 2144 1356 2175 aut

75 2202 183 2233 metu
218 2192 392 2242 replevit.
431 2193 610 2244 Cyziceni
644 2192 835 2243 praecipua
874 2192 1059 2243 religione
1094 2195 1356 2245 Proserpinam

75 2254 379 2300 venerabantur,
419 2256 475 2293 cui
509 2257 544 2295 6³
581 2254 641 2292 abv
660 2256 747 2295 Jove
778 2256 871 2293 dotis
906 2257 1038 2293 nomine
1064 2258 1183 2297 datam
1206 2259 1357 2310 infidam

75 2315 295 2355 afferebant.
323 2315 363 2354 Ei
387 2317 594 2366 quotannis
617 2328 732 2355 vacca
758 2316 862 2365 nigra
890 2315 1105 2357 faciebant:
1138 2320 1173 2357 δέ
1199 2319 1277 2357 dies
1299 2318 1355 2358 so-

75 2377 212 2418 lemnis
235 2378 408 2418 sacrificii
438 2379 589 2428 aderat,
618 2391 690 2419 nec
718 2378 901 2418 destinata
920 2378 1009 2419 Deae
1033 2379 1153 2421 hostia
1179 2379 1357 2433 suppeteff

91 2542 93 2544 q
125 2496 150 2540 5
179 2495 272 2532 X111.
296 2495 363 2530 Jul.
385 2494 508 2541 Obseq.
528 2494 615 2528 Plut.
633 2494 788 2540 Appiam„
799 2493 954 2529 Mithrid.
