1638 2937
253 188 332 234 IN
377 188 909 234 LOC.L113.XC1V
961 189 1104 235 LIV.
1247 185 1335 252 363

60 293 141 344 regi
167 293 388 344 persuadet,
423 296 517 335 nihil
543 295 689 348 reftrre,
723 310 789 347 quo
822 295 896 332 loco
922 295 1030 345 castra
1057 295 1161 346 hostis
1186 307 1338 335 metetur,

56 356 284 394 Fimbriam
307 358 460 410 legiones
474 388 485 406 ,
514 372 586 410 quae
608 358 709 410 effent
733 358 830 410 apud
851 355 1059 402 Lucullum,
1075 358 1267 407 propediem
1288 356 1340 394 ad

44 417 90 470 fi
117 421 335 469 tranfituras.
368 420 418 458 ita
438 421 514 471 fine
543 420 676 471 proellis
699 420 733 458 6·
755 418 930 471 sanguine
956 417 1133 454 vifloriam
1159 431 1263 469 penes
1285 431 1337 454 re-

0 493 1 508 ¹
53 491 129 529 gem
145 477 233 529 fore.
273 479 383 519 Grata
405 487 532 528 erant,
558 494 640 531 quae
657 471 913 527 dicebantur,
936 490 1007 517 nec
1032 478 1110 517 veri
1129 477 1255 527 specie
1278 489 1341 516 ca-

0 557 1 592 3
26 541 29 544 ’
56 536 217 578 rebant:
246 548 335 578 nota
364 541 571 580 Fimbriani
600 541 728 580 militis
756 536 1008 591 perfidia‚'&
1035 538 1175 578 crebris
1207 540 1340 577 adver-

0 593 1 596 '
56 596 140 636 sum
167 599 284 640 duces
315 601 579 643 seditionibus.
614 603 765 643 Idcirco
794 602 1012 653 negligente
1039 600 1248 639 custodiam
1277 599 1337 636 Io<

56 669 190 699 corum
214 661 465 711 Mithridate,
489 664 675 712 Romani,
698 664 878 715 angustiis
902 663 975 702 fine
1001 661 1252 701 incommodo
1278 660 1338 698 su-

53 722 192 769 peratis
209 752 221 770 ,
246 724 360 762 castra
380 724 419 761 in
445 732 577 763 monte
599 724 816 774 posuerunt.

110 784 209 825 VIII.
244 787 386 837 magna
420 801 464 826 ea
491 790 526 826 Sc
554 787 754 838 multiplex
782 787 924 828 utilitas
947 785 1107 828 Lucullo
1136 785 1224 824 fuit.
1263 783 1336 834 ipsi

53 856 297 887 commeatus
314 850 389 888 fine
412 859 516 891 metu
542 851 876 899 subvebebantur3
904 856 993 898 rex,
1020 858 1103 889 toto
1128 859 1337 898 propemo-

55 905 149 945 dum
175 921 289 958 agro,
318 910 615 962 fluminibusque
644 913 844 960 omnibus,
880 914 914 951 ἅ
941 911 1025 950 lacu
1052 907 1242 959 Dascylite
1269 919 1336 945 ex-

53 966 204 1018 clusus,
239 984 422 1021 perquam
453 975 606 1024 angusta
638 975 940 1014 frumentatione
976 973 1161 1012 utebatur.
1197 970 1337 1020 Neque

55 1029 255 1070 discessuro
288 1033 374 1073 satis
401 1043 535 1085 patens
567 1038 692 1076 exitus
713 1046 818 1083 erat,
848 1036 958 1076 foffas
984 1035 1115 1075 multis
1144 1033 1241 1072 Iocis
1266 1031 1336 1070 ob-

53 1090 211 1139 jiciente
233 1093 420 1136 Lucullo:
452 1110 578 1147 neque
602 1097 803 1137 Lucullum
829 1098 879 1137 ob
905 1097 1078 1136 locorum
1108 1092 1336 1145 opportuni-

55 1162 174 1192 tatem
199 1154 247 1193 fic
274 1165 425 1206 poterat
447 1159 648 1209 depellere.
678 1163 713 1200 ἃ
735 1162 813 1209 jam
836 1160 1046 1199 inclinante
1068 1168 1243 1208 tempore
1268 1168 1336 1195 an-

57 1216 122 1262 ni,
149 1216 334 1267 reliquam
362 1233 524 1259 annonae
553 1221 658 1271 spem
680 1221 925 1261 interclusum
946 1218 1234 1270 tempestatibus
1256 1228 1335 1254 ma-

55 1290 97 1316 re
121 1278 360 1323 sollicitabat.
397 1284 549 1324 Idcirco
576 1285 729 1325 duobus
756 1284 1048 1335 imperatoribus
1066 1283 1161 1321 varii
1187 1280 1336 1319 animo-

54 1351 141 1379 rum
170 1341 324 1384 habitus
361 1355 493 1389 erant:
532 1347 713 1392 Lucullus
749 1347 985 1387 admonebat
1010 1345 1176 1391 amicos,
1204 1354 1337 1393 tempus

55 1403 165 1455 adff
184 1407 392 1456 Ffaestandi‚
420 1423 492 1460 qlloe
508 1411 758 1463 promiseranm
785 1409 1027 1450 Mithridates
1053 1418 1201 1451 errore,
1233 1402 1336 1453 post·

53 1477 170 1513 quam
200 1468 338 1519 Corrigi
371 1471 450 1519 jam
480 1472 684 1522 nequibat,
713 1471 908 1512 intellecto
926 1501 937 1520 ,
969 1468 1088 1509 multa
1124 1469 1160 1507 ὃς
1189 1463 1333 1505 diversa

49 1525 182 1566 secum
206 1529 387 1578 agitabat.

110 1589 179 1630 IX.
212 1591 413 1641 Tandem,
440 1593 532 1633 licet
567 1608 656 1635 cum
685 1603 792 1635 tanta
818 1593 985 1634 militum
1008 1588 1251 1632 multitudine
1274 1585 1335 1626 vel

50 1663 119 1700 per
147 1653 295 1692 medios
328 1653 452 1695 hostes
485 1659 633 1708 erumpi
665 1658 768 1709 posse
806 1658 1021 1704 videretur,
1059 1651 1332 1704 oppugnandae

52 1713 155 1753 urbis
189 1716 388 1757 confilium
422 1718 528 1760 sedit.
563 1720 869 1760 Fimbrianorum
903 1719 1189 1765 transitionem,
1220 1717 1332 1764 cujus

50 1773 150 1814 facta
173 1775 277 1827 spes,
304 1778 428 1820 subito
458 1781 617 1821 discessu
649 1783 838 1833 impedire
861 1779 1122 1820 inconsultum
1157 1775 1330 1829 putabat„

50 1835 97 1875 Et
130 1839 217 1887 quia
242 1839 542 1882 Chalcedonenfi
569 1857 697 1894 pugna
724 1843 904 1895 Cyziceni
933 1843 1067 1882 decem
1097 1853 1211 1879 naves
1240 1850 1330 1877 cum

49 1901 169 1940 tribus
207 1900 414 1943 hominum
446 1905 614 1946 millibus
650 1907 878 1955 amiserant3
919 1913 1025 1945 tanto
1062 1903 1215 1943 facilior
1251 1908 1331 1940 erat

50 1962 179 2001 futura
210 1963 312 2002 urbis
341 1967 587 2017 expugnatio.
618 1968 784 2018 pretium
818 1975 945 2006 autem
975 1978 1126 2017 operte,
1158 1963 1183 2003 fi
1215 1962 1330 2014 Cyzi-

54 2034 121 2060 cus
151 2033 260 2074 capta
286 2026 401 2075 esset,
432 2028 566 2081 ingens
590 2029 869 2068 ostendebatur.
906 2029 941 2066 ἅ
972 2026 1044 2064 hac
1078 2023 1183 2064 velut
1212 2025 1329 2072 janua

50 2084 142 2131 Aliae
161 2086 368 2136 perfracta,
389 2090 560 2129 futurum
585 2100 686 2139 erat,
703 2100 748 2130 ut
769 2090 903 2130 victori
931 2096 1012 2128 tota
1035 2085 1229 2138 provincia
1258 2098 1332 2135 pa·-

47 2156 157 2188 teret.
190 2151 429 2200 Accedebat,
462 2153 566 2203 quod
592 2153 644 2192 ita
675 2155 805 2193 onmia
829 2153 877 2192 ad
903 2152 1038 2192 urbem
1064 2149 1189 2189 clausa
1218 2149 1331 2187 itine-

47 2224 86 2250 ra
114 2224 239 2262 erant,
269 2223 310 2252 ut
337 2215 546 2265 oppidani,
569 2215 661 2255 licet
681 2216 721 2255 in
741 2216 949 2267 conspectu
973 2215 1159 2255 haberent
1176 2209 1328 2253 Luculli

47 2275 186 2324 castra,
207 2282 365 2326 tamen,
396 2276 460 2317 ubi
487 2277 603 2327 esset,
632 2282 864 2329 ignorarent.

95 2393 116 2432 S
129 2396 206 2431 VH.
227 2398 363 2434 Pedian.
386 2402 420 2435 in
439 2402 536 2436 Verr.
553 2414 583 2444 3.
600 2403 744 2446 Appiam.
759 2401 848 2437 Plut.
863 2401 897 2435 in
917 2402 1049 2436 Lucull.
1065 2413 1094 2434 c.
1112 2409 1164 2443 ῖς.
1184 2398 1204 2441 5
1221 2396 1320 2430 VIH.

52 2437 154 2472 Oros·
177 2443 216 2483 6,
243 2456 272 2477 1.
301 2447 447 2492 Appiam.
475 2448 495 2494 5
520 2449 685 2483 1X.1)1ut.
716 2449 789 2482 cic.
814 2459 875 2493 pro
903 2448 1046 2482 Muraen.
1071 2458 1101 2482 c.
1130 2455 1182 2485 ις.
1206 2441 1314 2476 Str-212,

44 2485 68 2520 l·
101 2496 149 2521 ¹2.-
173 2490 320 2537 Appian,
1262 2501 1268 2516 ³
