1638 2937
239 183 332 229 252
399 168 496 215 JO.
539 166 1044 214 FREINSHEMII
1082 165 1448 215 SUPPLEM.·

236 270 277 311 10
301 274 383 323 post
398 275 618 314 incendium
635 275 724 315 belli
739 277 983 316 excitaturus.
1012 274 1142 315 Fertur
1156 304 1168 323 ‚
1181 273 1240 313 his
1263 274 1425 321 auditis,
1439 272 1531 312 Car.

241 333 294 372 bo
323 336 459 377 dixiffe
492 337 765 389 praesentibus,
792 338 916 376 bellum
940 339 1011 389 fibi
1037 351 1112 376 cum
1135 338 1240 390 vulpe
1267 338 1301 376 6²
1329 337 1423 376 leone
1445 334 1530 374 ani-
1595 340 1599 347 '

239 410 330 434 mum
351 398 461 437 Sullae
483 401 766 439 inhabitantibus
788 400 849 451 effe
863 430 876 447 ,
902 401 970 452 fid
988 414 1062 437 cum
1088 399 1191 451 vulpe
1209 399 1446 451 periculofius.
1478 396 1531 435 At

238 457 344 497 Sulla
383 460 465 509 post
490 461 691 500 vietoriam
724 473 838 511 aquas
873 461 922 499 ad
949 467 1124 499 montem
1155 458 1308 506 Tifata,
1340 458 1407 497 ubi
1436 471 1530 500 cum

238 519 426 559 Norbano
444 529 701 571 pugnaverat,
730 521 951 561 salubritate
979 520 1153 568 nobiles,
1174 533 1382 570 agrumque
1405 521 1529 573 circa,

239 580 372 621 Dianae
402 583 615 633 dedicavit,
642 586 751 632 cujus
775 585 923 623 numini
945 583 1088 623 sacrata
1114 582 1180 622 illa
1206 585 1312 634 regio
1339 592 1428 623 erat.

293 660 383 700 XII.
420 662 522 702 Inter
548 662 629 701 haec
653 676 797 703 novum
822 662 861 702 se
890 663 929 701 in
956 661 1065 702 Italia
1097 663 1197 702 fidus
1227 662 1423 702 ostendere
1446 674 1526 702 coe-

240 722 329 771 pit,
356 723 427 764 Cn.
452 725 681 774 Pompejus,
712 724 815 764 Cnaei
840 724 966 772 filius,
989 726 1091 773 ejus,
1119 725 1184 774 qui
1210 723 1391 764 Asculum
1419 736 1530 775 cepe-

239 791 318 831 rat,
350 786 465 823 trium
491 788 525 825 <Sc
551 787 683 836 viginti
711 799 898 825 annorum
924 786 1164 843 adolescen33
1195 786 1258 826 sed
1284 800 1376 827 mox
1399 788 1528 828 claris-

238 844 331 884 fima
363 847 464 887 fama
489 848 648 888 cuilibet
673 849 806 888 senum
835 849 1110 899 imperatorum
1144 849 1413 888 conferendus.
1449 851 1526 890 Hie

238 906 278 943 in
303 907 444 947 Piceno
466 910 565 948 forte
593 910 756 961 agebat,
795 923 883 949 cum
913 911 961 949 ad
986 910 1130 950 Sullam
1168 911 1338 961 undique
1369 924 1529 950 concur.

238 979 320 1008 rere
347 970 653 1019 probatiffimum
681 984 871 1022 quemque
901 972 1091 1023 cognovit.
1131 971 1208 1010 hoc
1238 971 1390 1011 stimulo
1421 972 1528 1020 adje-

239 1033 294 1071 cit
326 1035 361 1072 δε
382 1034 463 1085 ipse
486 1035 555 1075 has
585 1038 633 1076 ad
656 1045 778 1087 partes
802 1038 972 1076 animum
989 1068 1001 1082 ‚
1027 1051 1106 1076 non
1130 1046 1260 1076 tamen
1282 1046 1326 1077 ut
1349 1046 1526 1076 contem-

240 1103 326 1143 tuS,
346 1097 381 1135 ἃ
396 1107 577 1147 tanquam
601 1101 686 1150 opis
713 1113 850 1150 egens3
882 1100 947 1139 sed
963 1100 1248 1138 firmamentum
1263 1130 1274 1146 ,
1293 1100 1435 1150 quibus
1463 1111 1529 1137 ac-

241 1156 396 1194 cederet
423 1160 615 1208 partium,
645 1161 680 1198 6<
712 1172 800 1198 cum
835 1159 1025 1198 beneficio
1052 1160 1207 1199 veniret.
1243 1160 1361 1210 Igitur
1388 1158 1527 1198 sollici-

240 1219 330 1256 tatis
354 1222 498 1268 paterni
515 1223 699 1262 exercitus
720 1221 888 1272 reliquiis
902 1252 911 1268 ,
928 1234 1016 1261 cum
1033 1222 1195 1261 Vindius
1219 1223 1376 1272 quidam
1390 1252 1401 1270 ,
1416 1225 1527 1262 Pom-

234 1278 353 1330 pejum
372 1295 417 1317 ex
443 1282 525 1318 ludu
543 1283 663 1334 subito
682 1285 956 1322 concionatorem
973 1283 1130 1335 fizblum,
1147 1284 1414 1332 exclamaffess
1441 1293 1527 1324 tan-

239 1350 299 1379 tus
314 1342 569 1382 adolescentis
586 1344 694 1384 favor
720 1345 814 1393 fuit,
836 1354 897 1394 ut,
913 1359 933 1385 a
948 1345 1078 1385 multis
1097 1345 1206 1385 simul
1221 1347 1369 1396 impetu
1395 1345 1497 1385 facto
1510 1374 1524 1393 ‚

240 1402 402 1443 Vindius
430 1417 451 1443 e
477 1405 635 1457 vestigio
662 1406 953 1457 opprimeretur.

295 1474 405 1513 XIII.
442 1474 487 1514 In
520 1476 606 1514 foro
628 1475 743 1525 igitur
766 1475 1026 1516 Auximatium
1061 1478 1186 1516 erecto
1217 1475 1422 1523 tribunali,
1454 1476 1525 1515 du-

243 1547 327 1574 cem
354 1538 521 1586 partium
559 1537 771 1588 professus,
802 1538 979 1577 Vinditiis
1003 1538 1209 1587 fratribus,
1240 1540 1303 1588 qui
1330 1539 1525 1590 principes

243 1598 433 1645 civitatis,
464 1600 499 1637 Sc
532 1598 783 1638 Carbonianae
814 1599 993 1638 faffionis
1023 1609 1148 1648 erant,
1175 1601 1365 1640 excedere
1395 1599 1524 1648 juffis,

243 1658 435 1699 deleetum
472 1659 619 1699 habuit.
652 1661 709 1700 Ab
742 1660 819 1700 hoc
841 1662 953 1700 initio
987 1675 1076 1701 cum
1107 1664 1232 1702 vicina
1268 1676 1428 1713 quaeque
1454 1661 1522 1701 fibi

242 1722 487 1772 adjungeret,
516 1723 778 1763 Carbonianus
803 1724 946 1775 ubique
970 1725 1231 1775 proturbaret,
1255 1726 1359 1765 brevi
1384 1726 1422 1764 in
1442 1735 1524 1764 tan-

242 1793 326 1824 tum
350 1787 482 1823 auc‘tus
513 1786 590 1831 est,
623 1795 665 1824 ut
692 1795 765 1826 tres
793 1787 956 1837 integras
982 1788 1149 1838 legiones
1175 1788 1244 1827 sub
1266 1789 1377 1839 signis
1408 1789 1525 1827 duce-

239 1854 307 1886 ret.
332 1847 466 1895 Neque
489 1846 578 1885 huic
605 1847 786 1886 exercitui
808 1860 1121 1898 commeatuum,
1148 1859 1435 1900 ceterarumque
1464 1862 1520 1887 re-

241 1921 327 1947 rum
352 1909 513 1947 idoneus
542 1917 744 1958 apparatus
774 1909 914 1949 deerat.
940 1909 1058 1959 Ipsius
1082 1923 1309 1962 permagnus
1329 1912 1432 1961 apud
1451 1911 1521 1949 mi-

242 1970 354 2009 litem
393 1984 522 2017 amor,
561 1983 698 2020 magna
725 1972 827 2020 apud
860 1985 995 2012 onmes
1024 1972 1225 2011 admiratio
1255 1979 1363 2019 erat,
1387 1973 1452 2021 qui
1480 1972 1522 2009 in

242 2031 309 2069 iiia
331 2039 441 2071 aetate
471 2031 567 2070 nihil
596 2031 786 2070 remiss‘um
816 2041 880 2070 aut
905 2031 1072 2082 juvenile
1089 2063 1101 2081 ‚
1132 2032 1195 2094 sed
1222 2033 1353 2071 onmia
1375 2031 1522 2081 magnis

246 2092 411 2132 ducibus
439 2092 547 2130 solita
578 2092 756 2143 agitabat.
785 2092 912 2132 nullus
936 2091 992 2131 illi
1024 2092 1131 2131 labor
1156 2093 1270 2132 t'aedio
1287 2123 1298 2140 ,
1322 2091 1427 2130 nulla
1453 2092 1521 2129 de-

242 2153 417 2201 fatigatio
444 2151 622 2190 molestiae
643 2162 731 2191 erat.
755 2151 832 2190 cibi
851 2152 1004 2202 vinique
1032 2165 1272 2203 temperans,
1294 2152 1415 2191 somni
1437 2164 1522 2201 par-

241 2226 335 2258 cus,
365 2225 463 2251 curae
490 2213 664 2262 corporis
696 2213 917 2264 negligens,
946 2215 1132 2263 majorem
1157 2214 1304 2252 dierum
1331 2213 1520 2252 noenum.

289 2338 310 2381 ᾖ
335 2338 395 2369 XL
419 2340 508 2373 Plut.
531 2339 564 2370 in
590 2339 718 2370 Sertor.
740 2349 768 2368 c.
794 2337 824 2368 8.
848 2336 936 2369 Idem
957 2336 992 2367 ’m
1017 2336 1100 2367 Suu.
1122 2333 1247 2378 Vellej.
1269 2333 1412 2377 Appian.
1433 2334 1520 2365 Dio-2

249 2391 322 2421 rior.
343 2402 395 2432 ap.
423 2390 535 2423 Vales.
569 2391 590 2434 ᾗ
616 2390 690 2421 XII.
717 2390 794 2423 Liv.
822 2391 913 2432 Epir.
946 2389 1032 2421 Plut.
1058 2390 1092 2420 in
1114 2388 1228 2431 Pomp.
1262 2399 1289 2419 c.
1321 2399 1353 2429 ‘)·
1379 2387 1525 2420 Diodoro

244 2454 297 2488 up.
321 2441 434 2477 vales.
452 2443 527 2475 Val.
550 2442 644 2476 Max.
672 2452 712 2483 5,
739 2453 771 2475 2.
799 2441 932 2474 Hirtius
957 2441 995 2476 de
1024 2441 1060 2473 B.
1083 2441 1188 2475 Afric.
1204 2451 1233 2474 c.
1248 2451 1303 2474 22.
