<?xml version="1.0" encoding="UTF-8"?>
<!DOCTYPE html PUBLIC "-//W3C//DTD XHTML 1.0 Transitional//EN"
    "http://www.w3.org/TR/xhtml1/DTD/xhtml1-transitional.dtd">
<html xmlns="http://www.w3.org/1999/xhtml" xml:lang="en" lang="en">
 <head>
  <title>
</title>
<meta http-equiv="Content-Type" content="text/html;charset=utf-8" />
  <meta name='ocr-system' content='tesseract 3.04.00' />
  <meta name='ocr-capabilities' content='ocr_page ocr_carea ocr_par ocr_line ocrx_word'/>
</head>
<body>
  <div class='ocr_page' id='page_1' title='image "./historiarumlibri09livyuoft_0037.png"; bbox 0 0 1638 2937; ppageno 0'>
   <div class='ocr_carea' id='block_1_1' title="bbox 223 174 1337 246">
    <p class='ocr_par' dir='ltr' id='par_1_1' title="bbox 223 174 1337 246">
     <span class='ocr_line' id='line_1_1' title="bbox 223 174 1337 246; baseline 0.008 -26"><span class='ocrx_word' id='word_1_1' title='bbox 223 175 306 220; x_wconf 88' lang='lat' dir='ltr'><strong>IN</strong></span> <span class='ocrx_word' id='word_1_2' title='bbox 354 174 513 221; x_wconf 90' lang='lat' dir='ltr'><strong>LOC.</strong></span> <span class='ocrx_word' id='word_1_3' title='bbox 556 175 693 221; x_wconf 87' lang='lat' dir='ltr'>LIB.</span> <span class='ocrx_word' id='word_1_4' title='bbox 745 176 936 223; x_wconf 84' lang='lat' dir='ltr'>LXXIII</span> <span class='ocrx_word' id='word_1_5' title='bbox 981 179 1125 227; x_wconf 85' lang='lat' dir='ltr'>LIV.</span> <span class='ocrx_word' id='word_1_6' title='bbox 1274 189 1337 246; x_wconf 71' lang='lat'><strong>29&#39;</strong></span> 
     </span>
    </p>
   </div>
   <div class='ocr_carea' id='block_1_2' title="bbox 55 280 1399 2383">
    <p class='ocr_par' dir='ltr' id='par_1_2' title="bbox 57 280 1339 881">
     <span class='ocr_line' id='line_1_2' title="bbox 120 280 1336 334; baseline 0.004 -13"><span class='ocrx_word' id='word_1_7' title='bbox 120 280 269 321; x_wconf 87' lang='lat' dir='ltr'>XXVI.</span> <span class='ocrx_word' id='word_1_8' title='bbox 307 281 369 321; x_wconf 84' lang='lat' dir='ltr'><strong>Ob</strong></span> <span class='ocrx_word' id='word_1_9' title='bbox 398 280 466 320; x_wconf 83' lang='lat' dir='ltr'><strong>has</strong></span> <span class='ocrx_word' id='word_1_10' title='bbox 494 293 550 319; x_wconf 88' lang='lat' dir='ltr'><strong>res</strong></span> <span class='ocrx_word' id='word_1_11' title='bbox 574 281 757 320; x_wconf 88' lang='lat' dir='ltr'><strong>continuo</strong></span> <span class='ocrx_word' id='word_1_12' title='bbox 782 281 998 332; x_wconf 86' lang='lat' dir='ltr'><strong>complures</strong></span> <span class='ocrx_word' id='word_1_13' title='bbox 1027 284 1163 334; x_wconf 87' lang='lat' dir='ltr'><strong>populi</strong></span> <span class='ocrx_word' id='word_1_14' title='bbox 1189 286 1236 325; x_wconf 81' lang='lat' dir='ltr'><strong>ad</strong></span> <span class='ocrx_word' id='word_1_15' title='bbox 1260 286 1336 326; x_wconf 77' lang='lat' dir='ltr'><strong>ho-</strong></span> 
     </span>
     <span class='ocr_line' id='line_1_3' title="bbox 57 341 1334 395; baseline 0.005 -11"><span class='ocrx_word' id='word_1_16' title='bbox 57 344 129 384; x_wconf 83' lang='lat' dir='ltr'><strong>stes</strong></span> <span class='ocrx_word' id='word_1_17' title='bbox 161 341 407 385; x_wconf 78' lang='lat' dir='ltr'><strong>defecerunt:</strong></span> <span class='ocrx_word' id='word_1_18' title='bbox 439 345 617 395; x_wconf 83' lang='lat' dir='ltr'><strong>Nolaque</strong></span> <span class='ocrx_word' id='word_1_19' title='bbox 643 353 820 395; x_wconf 77' lang='lat' dir='ltr'><strong>receptu,</strong></span> <span class='ocrx_word' id='word_1_20' title='bbox 848 346 986 386; x_wconf 80' lang='lat' dir='ltr'><strong>multas</strong></span> <span class='ocrx_word' id='word_1_21' title='bbox 1020 345 1120 387; x_wconf 83' lang='lat' dir='ltr'><strong>circa</strong></span> <span class='ocrx_word' id='word_1_22' title='bbox 1150 349 1260 388; x_wconf 85' lang='lat' dir='ltr'><strong>urbes</strong></span> <span class='ocrx_word' id='word_1_23' title='bbox 1287 351 1334 391; x_wconf 71' lang='lat' dir='ltr'><strong>C„</strong></span> 
     </span>
     <span class='ocr_line' id='line_1_4' title="bbox 57 405 1336 460; baseline 0.005 -14"><span class='ocrx_word' id='word_1_24' title='bbox 57 405 194 456; x_wconf 82' lang='lat' dir='ltr'><strong>Papius</strong></span> <span class='ocrx_word' id='word_1_25' title='bbox 225 406 447 445; x_wconf 85' lang='lat' dir='ltr'><strong>Italicorum</strong></span> <span class='ocrx_word' id='word_1_26' title='bbox 473 406 640 457; x_wconf 86' lang='lat' dir='ltr'><strong>auspicia</strong></span> <span class='ocrx_word' id='word_1_27' title='bbox 675 407 777 457; x_wconf 87' lang='lat' dir='ltr'><strong>sequi</strong></span> <span class='ocrx_word' id='word_1_28' title='bbox 810 409 951 460; x_wconf 81' lang='lat' dir='ltr'><strong>coegit.</strong></span> <span class='ocrx_word' id='word_1_29' title='bbox 992 409 1091 449; x_wconf 85' lang='lat' dir='ltr'><strong>Nam</strong></span> <span class='ocrx_word' id='word_1_30' title='bbox 1123 412 1157 449; x_wconf 69' lang='grc' dir='ltr'><strong>δε</strong></span> <span class='ocrx_word' id='word_1_31' title='bbox 1187 412 1336 452; x_wconf 76' lang='lat' dir='ltr'><strong>Stabias</strong></span> 
     </span>
     <span class='ocr_line' id='line_1_5' title="bbox 58 468 1339 520; baseline 0.003 -14"><span class='ocrx_word' id='word_1_32' title='bbox 58 468 98 506; x_wconf 86' lang='lat' dir='ltr'><strong>in</strong></span> <span class='ocrx_word' id='word_1_33' title='bbox 115 468 193 506; x_wconf 89' lang='lat' dir='ltr'><strong>sinu</strong></span> <span class='ocrx_word' id='word_1_34' title='bbox 210 468 341 516; x_wconf 84' lang='lat' dir='ltr'><strong>maris,</strong></span> <span class='ocrx_word' id='word_1_35' title='bbox 364 469 463 506; x_wconf 82' lang='lat' dir='ltr'><strong>inter</strong></span> <span class='ocrx_word' id='word_1_36' title='bbox 478 469 699 507; x_wconf 81' lang='lat' dir='ltr'><strong>Surrentum</strong></span> <span class='ocrx_word' id='word_1_37' title='bbox 727 471 762 509; x_wconf 67' lang='lat' dir='ltr'><strong>Se.</strong></span> <span class='ocrx_word' id='word_1_38' title='bbox 790 469 995 520; x_wconf 83' lang='lat' dir='ltr'>Neapolim</span> <span class='ocrx_word' id='word_1_39' title='bbox 1010 501 1021 519; x_wconf 77' lang='lat'>‚</span> <span class='ocrx_word' id='word_1_40' title='bbox 1046 470 1153 510; x_wconf 62' lang='lat' dir='ltr'><strong>laetis</strong></span> <span class='ocrx_word' id='word_1_41' title='bbox 1174 471 1339 511; x_wconf 78' lang='lat' dir='ltr'><strong>salubri-</strong></span> 
     </span>
     <span class='ocr_line' id='line_1_6' title="bbox 59 529 1339 583; baseline 0.003 -15"><span class='ocrx_word' id='word_1_42' title='bbox 59 536 139 568; x_wconf 81' lang='lat' dir='ltr'><strong>tate</strong></span> <span class='ocrx_word' id='word_1_43' title='bbox 163 529 360 575; x_wconf 84' lang='lat' dir='ltr'><strong>celebres,</strong></span> <span class='ocrx_word' id='word_1_44' title='bbox 393 531 624 580; x_wconf 82' lang='lat' dir='ltr'><strong>occupavit3</strong></span> <span class='ocrx_word' id='word_1_45' title='bbox 654 532 689 569; x_wconf 68' lang='grc' dir='ltr'><strong>ἃ</strong></span> <span class='ocrx_word' id='word_1_46' title='bbox 719 532 940 580; x_wconf 84' lang='lat' dir='ltr'>cognomini</span> <span class='ocrx_word' id='word_1_47' title='bbox 969 532 1085 570; x_wconf 65' lang='lat' dir='ltr'><strong>fluvio</strong></span> <span class='ocrx_word' id='word_1_48' title='bbox 1117 532 1339 583; x_wconf 76' lang='lat' dir='ltr'><strong>impolitum</strong></span> 
     </span>
     <span class='ocr_line' id='line_1_7' title="bbox 57 588 1339 641; baseline 0 -11"><span class='ocrx_word' id='word_1_49' title='bbox 57 588 282 630; x_wconf 80' lang='lat' dir='ltr'>Liternum:</span> <span class='ocrx_word' id='word_1_50' title='bbox 322 590 515 630; x_wconf 87' lang='lat' dir='ltr'><strong>coloniam</strong></span> <span class='ocrx_word' id='word_1_51' title='bbox 542 604 694 641; x_wconf 88' lang='lat' dir='ltr'><strong>quoque</strong></span> <span class='ocrx_word' id='word_1_52' title='bbox 724 592 940 631; x_wconf 87' lang='lat' dir='ltr'><strong>Romanam</strong></span> <span class='ocrx_word' id='word_1_53' title='bbox 967 592 1004 630; x_wconf 91' lang='lat' dir='ltr'><strong>in</strong></span> <span class='ocrx_word' id='word_1_54' title='bbox 1035 593 1240 632; x_wconf 80' lang='lat' dir='ltr'>Picentinis</span> <span class='ocrx_word' id='word_1_55' title='bbox 1274 595 1339 634; x_wconf 57' lang='lat' dir='ltr'><strong>Sa&lt;</strong></span> 
     </span>
     <span class='ocr_line' id='line_1_8' title="bbox 57 654 1336 707; baseline 0.002 -13"><span class='ocrx_word' id='word_1_56' title='bbox 57 654 207 695; x_wconf 88' lang='lat' dir='ltr'><strong>lernum</strong></span> <span class='ocrx_word' id='word_1_57' title='bbox 233 656 347 706; x_wconf 81' lang='lat' dir='ltr'><strong>cepit.</strong></span> <span class='ocrx_word' id='word_1_58' title='bbox 398 656 488 696; x_wconf 84' lang='lat' dir='ltr'><strong>Erat</strong></span> <span class='ocrx_word' id='word_1_59' title='bbox 521 655 596 694; x_wconf 87' lang='lat' dir='ltr'><strong>hoc</strong></span> <span class='ocrx_word' id='word_1_60' title='bbox 631 654 772 695; x_wconf 80' lang='lat' dir='ltr'>Italicis</span> <span class='ocrx_word' id='word_1_61' title='bbox 810 656 971 694; x_wconf 85' lang='lat' dir='ltr'><strong>ducibus</strong></span> <span class='ocrx_word' id='word_1_62' title='bbox 1000 656 1236 705; x_wconf 82' lang='lat' dir='ltr'><strong>institutum,</strong></span> <span class='ocrx_word' id='word_1_63' title='bbox 1269 666 1336 707; x_wconf 72' lang='lat' dir='ltr'><strong>ut,</strong></span> 
     </span>
     <span class='ocr_line' id='line_1_9' title="bbox 58 716 1338 768; baseline 0.002 -12"><span class='ocrx_word' id='word_1_64' title='bbox 58 718 241 768; x_wconf 85' lang='lat' dir='ltr'><strong>augendis</strong></span> <span class='ocrx_word' id='word_1_65' title='bbox 272 718 393 768; x_wconf 87' lang='lat' dir='ltr'><strong>copiis</strong></span> <span class='ocrx_word' id='word_1_66' title='bbox 426 717 589 765; x_wconf 86' lang='lat' dir='ltr'><strong>intenti,</strong></span> <span class='ocrx_word' id='word_1_67' title='bbox 616 731 664 757; x_wconf 85' lang='lat' dir='ltr'><strong>ex</strong></span> <span class='ocrx_word' id='word_1_68' title='bbox 699 717 860 767; x_wconf 86' lang='lat' dir='ltr'><strong>captivis</strong></span> <span class='ocrx_word' id='word_1_69' title='bbox 894 716 995 756; x_wconf 90' lang='lat' dir='ltr'><strong>bello</strong></span> <span class='ocrx_word' id='word_1_70' title='bbox 1024 717 1184 757; x_wconf 86' lang='lat' dir='ltr'><strong>idoneos</strong></span> <span class='ocrx_word' id='word_1_71' title='bbox 1217 718 1338 759; x_wconf 63' lang='lat' dir='ltr'><strong>sacra0</strong></span> 
     </span>
     <span class='ocr_line' id='line_1_10' title="bbox 57 779 1337 831; baseline 0.001 -12"><span class='ocrx_word' id='word_1_72' title='bbox 57 790 189 820; x_wconf 88' lang='lat' dir='ltr'><strong>mento</strong></span> <span class='ocrx_word' id='word_1_73' title='bbox 224 782 448 831; x_wconf 83' lang='lat' dir='ltr'><strong>adigerent,</strong></span> <span class='ocrx_word' id='word_1_74' title='bbox 473 782 589 820; x_wconf 86' lang='lat' dir='ltr'><strong>etiam</strong></span> <span class='ocrx_word' id='word_1_75' title='bbox 617 779 882 822; x_wconf 84' lang='lat' dir='ltr'><strong>valentiffimis</strong></span> <span class='ocrx_word' id='word_1_76' title='bbox 914 779 1109 820; x_wconf 85' lang='lat' dir='ltr'><strong>servorum</strong></span> <span class='ocrx_word' id='word_1_77' title='bbox 1149 781 1191 819; x_wconf 93' lang='lat' dir='ltr'><strong>in</strong></span> <span class='ocrx_word' id='word_1_78' title='bbox 1229 781 1337 820; x_wconf 56' lang='lat' dir='ltr'><strong>milio</strong></span> 
     </span>
     <span class='ocr_line' id='line_1_11' title="bbox 58 842 324 881; baseline 0.004 -1"><span class='ocrx_word' id='word_1_79' title='bbox 58 842 152 881; x_wconf 86' lang='lat' dir='ltr'><strong>tiam</strong></span> <span class='ocrx_word' id='word_1_80' title='bbox 188 842 324 881; x_wconf 81' lang='lat' dir='ltr'><strong>ascitis.</strong></span> 
     </span>
    </p>

    <p class='ocr_par' dir='ltr' id='par_1_3' title="bbox 55 901 1399 1452">
     <span class='ocr_line' id='line_1_12' title="bbox 114 901 1336 953; baseline 0 -10"><span class='ocrx_word' id='word_1_81' title='bbox 114 902 281 944; x_wconf 86' lang='lat' dir='ltr'>XXVII.</span> <span class='ocrx_word' id='word_1_82' title='bbox 305 904 390 943; x_wconf 83' lang='lat' dir='ltr'><strong>Hac</strong></span> <span class='ocrx_word' id='word_1_83' title='bbox 410 903 555 942; x_wconf 80' lang='lat' dir='ltr'><strong>ratione</strong></span> <span class='ocrx_word' id='word_1_84' title='bbox 579 902 738 953; x_wconf 82' lang='lat' dir='ltr'><strong>Papius,</strong></span> <span class='ocrx_word' id='word_1_85' title='bbox 761 901 1008 941; x_wconf 86' lang='lat' dir='ltr'><strong>numerosum</strong></span> <span class='ocrx_word' id='word_1_86' title='bbox 1025 905 1103 952; x_wconf 87' lang='lat' dir='ltr'><strong>jam</strong></span> <span class='ocrx_word' id='word_1_87' title='bbox 1121 903 1336 944; x_wconf 72' lang='lat' dir='ltr'><strong>exercitum</strong></span> 
     </span>
     <span class='ocr_line' id='line_1_13' title="bbox 58 964 1338 1016; baseline 0.001 -12"><span class='ocrx_word' id='word_1_88' title='bbox 58 965 235 1012; x_wconf 86' lang='lat' dir='ltr'><strong>trahens,</strong></span> <span class='ocrx_word' id='word_1_89' title='bbox 274 973 408 1015; x_wconf 85' lang='lat' dir='ltr'><strong>praeter</strong></span> <span class='ocrx_word' id='word_1_90' title='bbox 451 965 621 1015; x_wconf 79' lang='lat' dir='ltr'>Capuam</span> <span class='ocrx_word' id='word_1_91' title='bbox 656 966 692 1004; x_wconf 70' lang='grc' dir='ltr'><strong>δε</strong></span> <span class='ocrx_word' id='word_1_92' title='bbox 733 964 821 1004; x_wconf 90' lang='lat' dir='ltr'><strong>urbi</strong></span> <span class='ocrx_word' id='word_1_93' title='bbox 854 965 1144 1014; x_wconf 66' lang='lat' dir='ltr'><strong>circumjectum</strong></span> <span class='ocrx_word' id='word_1_94' title='bbox 1178 979 1338 1016; x_wconf 80' lang='lat' dir='ltr'><strong>agrum,</strong></span> 
     </span>
     <span class='ocr_line' id='line_1_14' title="bbox 57 1026 1338 1076; baseline 0.001 -10"><span class='ocrx_word' id='word_1_95' title='bbox 57 1028 160 1067; x_wconf 86' lang='lat' dir='ltr'><strong>unde</strong></span> <span class='ocrx_word' id='word_1_96' title='bbox 195 1040 241 1066; x_wconf 90' lang='lat' dir='ltr'><strong>eo</strong></span> <span class='ocrx_word' id='word_1_97' title='bbox 260 1026 372 1066; x_wconf 49' lang='lat' dir='ltr'><strong>&#39;bello</strong></span> <span class='ocrx_word' id='word_1_98' title='bbox 407 1029 566 1066; x_wconf 84' lang='lat' dir='ltr'><strong>maximi</strong></span> <span class='ocrx_word' id='word_1_99' title='bbox 596 1028 859 1068; x_wconf 81' lang='lat' dir='ltr'><strong>Romanorum</strong></span> <span class='ocrx_word' id='word_1_100' title='bbox 895 1030 1089 1067; x_wconf 78' lang='lat' dir='ltr'><strong>exercitus</strong></span> <span class='ocrx_word' id='word_1_101' title='bbox 1115 1027 1338 1076; x_wconf 76' lang='lat' dir='ltr'>alebantur,</span> 
     </span>
     <span class='ocr_line' id='line_1_15' title="bbox 56 1082 1399 1143; baseline 0.003 -13"><span class='ocrx_word' id='word_1_102' title='bbox 56 1082 181 1130; x_wconf 69' lang='lat' dir='ltr'><strong>&#39;totam</strong></span> <span class='ocrx_word' id='word_1_103' title='bbox 212 1091 463 1141; x_wconf 79' lang='lat' dir='ltr'><strong>Campaniam</strong></span> <span class='ocrx_word' id='word_1_104' title='bbox 489 1091 706 1142; x_wconf 85' lang='lat' dir='ltr'><strong>vicinasque</strong></span> <span class='ocrx_word' id='word_1_105' title='bbox 727 1093 899 1143; x_wconf 85' lang='lat' dir='ltr'><strong>regiones</strong></span> <span class='ocrx_word' id='word_1_106' title='bbox 920 1092 1078 1143; x_wconf 85' lang='lat' dir='ltr'><strong>impune</strong></span> <span class='ocrx_word' id='word_1_107' title='bbox 1096 1094 1339 1143; x_wconf 76' lang='lat' dir='ltr'><strong>pererrabat:</strong></span> <span class='ocrx_word' id='word_1_108' title='bbox 1395 1140 1399 1141; x_wconf 18' lang='lat'><em>⁷</em></span> 
     </span>
     <span class='ocr_line' id='line_1_16' title="bbox 55 1152 1341 1204; baseline 0.001 -11"><span class='ocrx_word' id='word_1_109' title='bbox 55 1152 150 1193; x_wconf 85' lang='lat' dir='ltr'><strong>alios</strong></span> <span class='ocrx_word' id='word_1_110' title='bbox 167 1153 352 1204; x_wconf 79' lang='lat' dir='ltr'><strong>promissis</strong></span> <span class='ocrx_word' id='word_1_111' title='bbox 370 1184 380 1201; x_wconf 87' lang='lat'>‚</span> <span class='ocrx_word' id='word_1_112' title='bbox 405 1153 498 1193; x_wconf 82' lang='lat' dir='ltr'><strong>alios</strong></span> <span class='ocrx_word' id='word_1_113' title='bbox 526 1162 630 1193; x_wconf 85' lang='lat' dir='ltr'><strong>metu</strong></span> <span class='ocrx_word' id='word_1_114' title='bbox 655 1155 703 1193; x_wconf 89' lang='lat' dir='ltr'><strong>ad</strong></span> <span class='ocrx_word' id='word_1_115' title='bbox 724 1154 979 1194; x_wconf 85' lang='lat' dir='ltr'><strong>voluntariam</strong></span> <span class='ocrx_word' id='word_1_116' title='bbox 1007 1154 1244 1193; x_wconf 85' lang='lat' dir='ltr'><strong>deditionem</strong></span> <span class='ocrx_word' id='word_1_117' title='bbox 1267 1154 1341 1194; x_wconf 83' lang='lat' dir='ltr'><strong>sol-</strong></span> 
     </span>
     <span class='ocr_line' id='line_1_17' title="bbox 57 1212 1338 1269; baseline 0.001 -15"><span class='ocrx_word' id='word_1_118' title='bbox 57 1212 261 1256; x_wconf 84' lang='lat' dir='ltr'><strong>licitando,</strong></span> <span class='ocrx_word' id='word_1_119' title='bbox 294 1217 368 1256; x_wconf 87' lang='lat' dir='ltr'><strong>Sed</strong></span> <span class='ocrx_word' id='word_1_120' title='bbox 392 1216 432 1255; x_wconf 88' lang='lat' dir='ltr'><strong>in</strong></span> <span class='ocrx_word' id='word_1_121' title='bbox 456 1216 738 1256; x_wconf 88' lang='lat' dir='ltr'><strong>Nucerinorum</strong></span> <span class='ocrx_word' id='word_1_122' title='bbox 769 1216 950 1255; x_wconf 86' lang='lat' dir='ltr'><strong>vastando</strong></span> <span class='ocrx_word' id='word_1_123' title='bbox 976 1229 1066 1266; x_wconf 79' lang='lat' dir='ltr'><strong>agro</strong></span> <span class='ocrx_word' id='word_1_124' title='bbox 1094 1216 1338 1269; x_wconf 80' lang='lat' dir='ltr'><strong>(Alfateriios</strong></span> 
     </span>
     <span class='ocr_line' id='line_1_18' title="bbox 60 1278 1340 1330; baseline 0 -13"><span class='ocrx_word' id='word_1_125' title='bbox 60 1286 322 1329; x_wconf 88' lang='lat' dir='ltr'><strong>cognomento</strong></span> <span class='ocrx_word' id='word_1_126' title='bbox 342 1287 506 1318; x_wconf 87' lang='lat' dir='ltr'><strong>vocant:</strong></span> <span class='ocrx_word' id='word_1_127' title='bbox 527 1292 615 1318; x_wconf 88' lang='lat' dir='ltr'><strong>nam</strong></span> <span class='ocrx_word' id='word_1_128' title='bbox 640 1279 711 1318; x_wconf 83' lang='lat' dir='ltr'><strong>alia</strong></span> <span class='ocrx_word' id='word_1_129' title='bbox 727 1278 894 1319; x_wconf 84' lang='lat' dir='ltr'><strong>Umbriae</strong></span> <span class='ocrx_word' id='word_1_130' title='bbox 921 1278 1087 1318; x_wconf 84' lang='lat' dir='ltr'><strong>Nuceria</strong></span> <span class='ocrx_word' id='word_1_131' title='bbox 1111 1279 1212 1330; x_wconf 76' lang='lat' dir='ltr'><strong>fuit)</strong></span> <span class='ocrx_word' id='word_1_132' title='bbox 1235 1279 1340 1328; x_wconf 89' lang='lat' dir='ltr'><strong>quod</strong></span> 
     </span>
     <span class='ocr_line' id='line_1_19' title="bbox 61 1339 1342 1390; baseline 0 -11"><span class='ocrx_word' id='word_1_133' title='bbox 61 1339 191 1379; x_wconf 87' lang='lat' dir='ltr'><strong>omnia</strong></span> <span class='ocrx_word' id='word_1_134' title='bbox 221 1340 400 1379; x_wconf 89' lang='lat' dir='ltr'><strong>inferiora</strong></span> <span class='ocrx_word' id='word_1_135' title='bbox 435 1340 512 1379; x_wconf 84' lang='lat' dir='ltr'><strong>fide</strong></span> <span class='ocrx_word' id='word_1_136' title='bbox 542 1340 761 1390; x_wconf 84' lang='lat' dir='ltr'><strong>habebant,</strong></span> <span class='ocrx_word' id='word_1_137' title='bbox 789 1339 887 1380; x_wconf 87' lang='lat' dir='ltr'><strong>nihil</strong></span> <span class='ocrx_word' id='word_1_138' title='bbox 907 1340 1059 1389; x_wconf 23' lang='lat' dir='ltr'><strong>&lt;injuriae</strong></span> <span class='ocrx_word' id='word_1_139' title='bbox 1084 1347 1149 1379; x_wconf 88' lang='lat' dir='ltr'><strong>aut</strong></span> <span class='ocrx_word' id='word_1_140' title='bbox 1180 1339 1342 1380; x_wconf 84' lang='lat' dir='ltr'><strong>crudeli-</strong></span> 
     </span>
     <span class='ocr_line' id='line_1_20' title="bbox 61 1401 569 1452; baseline 0.002 -12"><span class='ocrx_word' id='word_1_141' title='bbox 61 1401 150 1440; x_wconf 85' lang='lat' dir='ltr'><strong>tatis</strong></span> <span class='ocrx_word' id='word_1_142' title='bbox 187 1401 474 1452; x_wconf 78' lang='lat' dir='ltr'><strong>praetermissum</strong></span> <span class='ocrx_word' id='word_1_143' title='bbox 505 1402 569 1441; x_wconf 90' lang='lat' dir='ltr'><strong>est.</strong></span> 
     </span>
    </p>

    <p class='ocr_par' dir='ltr' id='par_1_4' title="bbox 57 1462 1345 2016">
     <span class='ocr_line' id='line_1_21' title="bbox 117 1462 1342 1513; baseline -0.002 -10"><span class='ocrx_word' id='word_1_144' title='bbox 117 1463 306 1503; x_wconf 84' lang='lat' dir='ltr'>XXVIII.</span> <span class='ocrx_word' id='word_1_145' title='bbox 337 1464 388 1503; x_wconf 86' lang='lat' dir='ltr'><strong>Ea</strong></span> <span class='ocrx_word' id='word_1_146' title='bbox 414 1477 471 1503; x_wconf 85' lang='lat' dir='ltr'><strong>res</strong></span> <span class='ocrx_word' id='word_1_147' title='bbox 501 1470 681 1503; x_wconf 88' lang='lat' dir='ltr'><strong>nutantes</strong></span> <span class='ocrx_word' id='word_1_148' title='bbox 710 1462 961 1502; x_wconf 84' lang='lat' dir='ltr'><strong>finitimorum</strong></span> <span class='ocrx_word' id='word_1_149' title='bbox 988 1464 1137 1502; x_wconf 85' lang='lat' dir='ltr'><strong>animos</strong></span> <span class='ocrx_word' id='word_1_150' title='bbox 1163 1462 1342 1513; x_wconf 75' lang='lat' dir='ltr'><strong>impulit,</strong></span> 
     </span>
     <span class='ocr_line' id='line_1_22' title="bbox 57 1524 1342 1576; baseline 0.001 -13"><span class='ocrx_word' id='word_1_151' title='bbox 57 1531 103 1563; x_wconf 85' lang='lat' dir='ltr'><strong>ut</strong></span> <span class='ocrx_word' id='word_1_152' title='bbox 138 1524 349 1563; x_wconf 83' lang='lat' dir='ltr'><strong>amicitiam</strong></span> <span class='ocrx_word' id='word_1_153' title='bbox 386 1536 474 1563; x_wconf 90' lang='lat' dir='ltr'><strong>curn</strong></span> <span class='ocrx_word' id='word_1_154' title='bbox 513 1525 630 1575; x_wconf 86' lang='lat' dir='ltr'><strong>Papio</strong></span> <span class='ocrx_word' id='word_1_155' title='bbox 663 1527 886 1574; x_wconf 82' lang='lat' dir='ltr'><strong>jungerent,</strong></span> <span class='ocrx_word' id='word_1_156' title='bbox 921 1526 1134 1574; x_wconf 78' lang='lat' dir='ltr'><strong>decemque</strong></span> <span class='ocrx_word' id='word_1_157' title='bbox 1166 1525 1342 1576; x_wconf 83' lang='lat' dir='ltr'><strong>peditum</strong></span> 
     </span>
     <span class='ocr_line' id='line_1_23' title="bbox 58 1586 1345 1640; baseline 0.002 -13"><span class='ocrx_word' id='word_1_158' title='bbox 58 1586 201 1635; x_wconf 80' lang='lat' dir='ltr'><strong>millia,</strong></span> <span class='ocrx_word' id='word_1_159' title='bbox 224 1587 329 1626; x_wconf 80' lang='lat' dir='ltr'><strong>mille</strong></span> <span class='ocrx_word' id='word_1_160' title='bbox 355 1589 500 1638; x_wconf 85' lang='lat' dir='ltr'><strong>equites</strong></span> <span class='ocrx_word' id='word_1_161' title='bbox 519 1587 588 1627; x_wconf 86' lang='lat' dir='ltr'><strong>sub</strong></span> <span class='ocrx_word' id='word_1_162' title='bbox 611 1601 656 1628; x_wconf 86' lang='lat' dir='ltr'><strong>eo</strong></span> <span class='ocrx_word' id='word_1_163' title='bbox 682 1589 866 1640; x_wconf 78' lang='lat' dir='ltr'><strong>stipendia</strong></span> <span class='ocrx_word' id='word_1_164' title='bbox 892 1589 1058 1628; x_wconf 64' lang='lat' dir='ltr'><strong>facturos</strong></span> <span class='ocrx_word' id='word_1_165' title='bbox 1085 1590 1229 1629; x_wconf 86' lang='lat' dir='ltr'><strong>darent.</strong></span> <span class='ocrx_word' id='word_1_166' title='bbox 1262 1589 1345 1639; x_wconf 73' lang='lat' dir='ltr'><strong>Qii</strong></span> 
     </span>
     <span class='ocr_line' id='line_1_24' title="bbox 58 1649 1343 1702; baseline 0.002 -13"><span class='ocrx_word' id='word_1_167' title='bbox 58 1649 127 1689; x_wconf 84' lang='lat' dir='ltr'><strong>ubi</strong></span> <span class='ocrx_word' id='word_1_168' title='bbox 150 1657 363 1698; x_wconf 87' lang='lat' dir='ltr'><strong>venerunt,</strong></span> <span class='ocrx_word' id='word_1_169' title='bbox 390 1651 545 1690; x_wconf 86' lang='lat' dir='ltr'><strong>Acerras</strong></span> <span class='ocrx_word' id='word_1_170' title='bbox 576 1651 623 1689; x_wconf 86' lang='lat' dir='ltr'><strong>ad</strong></span> <span class='ocrx_word' id='word_1_171' title='bbox 648 1650 825 1690; x_wconf 82' lang='lat' dir='ltr'><strong>Clanium</strong></span> <span class='ocrx_word' id='word_1_172' title='bbox 850 1664 1028 1700; x_wconf 76' lang='lat' dir='ltr'><strong>amnem,</strong></span> <span class='ocrx_word' id='word_1_173' title='bbox 1058 1652 1255 1702; x_wconf 85' lang='lat' dir='ltr'><strong>postquam</strong></span> <span class='ocrx_word' id='word_1_174' title='bbox 1291 1651 1343 1691; x_wconf 83' lang='lat' dir='ltr'><strong>ad</strong></span> 
     </span>
     <span class='ocr_line' id='line_1_25' title="bbox 57 1709 1340 1762; baseline 0.002 -12"><span class='ocrx_word' id='word_1_175' title='bbox 57 1709 280 1750; x_wconf 86' lang='lat' dir='ltr'><strong>societatem</strong></span> <span class='ocrx_word' id='word_1_176' title='bbox 317 1710 408 1750; x_wconf 86' lang='lat' dir='ltr'><strong>belli</strong></span> <span class='ocrx_word' id='word_1_177' title='bbox 439 1711 570 1762; x_wconf 84' lang='lat' dir='ltr'><strong>perlici</strong></span> <span class='ocrx_word' id='word_1_178' title='bbox 603 1715 879 1762; x_wconf 76' lang='lat' dir='ltr'><strong>nequiverant,</strong></span> <span class='ocrx_word' id='word_1_179' title='bbox 908 1713 1161 1752; x_wconf 78' lang='lat' dir='ltr'><strong>circumsedit.</strong></span> <span class='ocrx_word' id='word_1_180' title='bbox 1205 1713 1247 1752; x_wconf 92' lang='lat' dir='ltr'><strong>C.</strong></span> <span class='ocrx_word' id='word_1_181' title='bbox 1273 1712 1340 1761; x_wconf 88' lang='lat' dir='ltr'><strong>Ju-</strong></span> 
     </span>
     <span class='ocr_line' id='line_1_26' title="bbox 57 1773 1337 1827; baseline 0.001 -14"><span class='ocrx_word' id='word_1_182' title='bbox 57 1773 201 1813; x_wconf 91' lang='lat' dir='ltr'><strong>dacilio</strong></span> <span class='ocrx_word' id='word_1_183' title='bbox 237 1785 389 1823; x_wconf 90' lang='lat' dir='ltr'><strong>quoque</strong></span> <span class='ocrx_word' id='word_1_184' title='bbox 426 1786 504 1812; x_wconf 87' lang='lat' dir='ltr'><strong>non</strong></span> <span class='ocrx_word' id='word_1_185' title='bbox 537 1773 700 1813; x_wconf 83' lang='lat' dir='ltr'><strong>deterior</strong></span> <span class='ocrx_word' id='word_1_186' title='bbox 731 1773 917 1814; x_wconf 77' lang='lat' dir='ltr'><strong>successus</strong></span> <span class='ocrx_word' id='word_1_187' title='bbox 942 1788 1009 1825; x_wconf 86' lang='lat' dir='ltr'><strong>per</strong></span> <span class='ocrx_word' id='word_1_188' title='bbox 1037 1775 1213 1827; x_wconf 81' lang='lat' dir='ltr'><strong>Apuliam</strong></span> <span class='ocrx_word' id='word_1_189' title='bbox 1235 1775 1337 1822; x_wconf 72' lang='lat' dir='ltr'><strong>fuit,</strong></span> 
     </span>
     <span class='ocr_line' id='line_1_27' title="bbox 58 1833 1339 1887; baseline 0.002 -14"><span class='ocrx_word' id='word_1_190' title='bbox 58 1833 220 1873; x_wconf 79' lang='lat' dir='ltr'><strong>Canusio</strong></span> <span class='ocrx_word' id='word_1_191' title='bbox 243 1835 478 1885; x_wconf 82' lang='lat' dir='ltr'><strong>Venusiaque</strong></span> <span class='ocrx_word' id='word_1_192' title='bbox 504 1835 710 1886; x_wconf 77' lang='lat' dir='ltr'><strong>insignibus</strong></span> <span class='ocrx_word' id='word_1_193' title='bbox 733 1836 909 1886; x_wconf 87' lang='lat' dir='ltr'><strong>oppidis,</strong></span> <span class='ocrx_word' id='word_1_194' title='bbox 935 1850 1152 1887; x_wconf 84' lang='lat' dir='ltr'><strong>magnoque</strong></span> <span class='ocrx_word' id='word_1_195' title='bbox 1176 1850 1339 1877; x_wconf 85' lang='lat' dir='ltr'><strong>numero</strong></span> 
     </span>
     <span class='ocr_line' id='line_1_28' title="bbox 58 1896 1337 1955; baseline 0.003 -19"><span class='ocrx_word' id='word_1_196' title='bbox 58 1896 223 1936; x_wconf 85' lang='lat' dir='ltr'><strong>aliorum</strong></span> <span class='ocrx_word' id='word_1_197' title='bbox 241 1927 252 1947; x_wconf 87' lang='lat'>‚</span> <span class='ocrx_word' id='word_1_198' title='bbox 275 1898 314 1936; x_wconf 90' lang='lat' dir='ltr'><strong>iri</strong></span> <span class='ocrx_word' id='word_1_199' title='bbox 339 1898 579 1955; x_wconf 83' lang='lat' dir='ltr'><strong>deditionem</strong></span> <span class='ocrx_word' id='word_1_200' title='bbox 606 1898 743 1947; x_wconf 85' lang='lat' dir='ltr'><strong>arinis,</strong></span> <span class='ocrx_word' id='word_1_201' title='bbox 764 1906 831 1938; x_wconf 89' lang='lat' dir='ltr'><strong>aut</strong></span> <span class='ocrx_word' id='word_1_202' title='bbox 858 1897 1056 1939; x_wconf 86' lang='lat' dir='ltr'><strong>voluntate</strong></span> <span class='ocrx_word' id='word_1_203' title='bbox 1080 1899 1337 1942; x_wconf 85' lang='lat' dir='ltr'><strong>incolentium</strong></span> 
     </span>
     <span class='ocr_line' id='line_1_29' title="bbox 61 1960 994 2016; baseline 0.003 -19"><span class='ocrx_word' id='word_1_204' title='bbox 61 1960 242 2009; x_wconf 84' lang='lat' dir='ltr'><strong>acceptis.</strong></span> <span class='ocrx_word' id='word_1_205' title='bbox 775 2007 778 2014; x_wconf 15' lang='lat' dir='ltr'><em>X</em></span> <span class='ocrx_word' id='word_1_206' title='bbox 992 2014 994 2016; x_wconf 21' lang='grc' dir='ltr'>Ι</span> 
     </span>
    </p>

    <p class='ocr_par' dir='ltr' id='par_1_5' title="bbox 60 2021 1344 2383">
     <span class='ocr_line' id='line_1_30' title="bbox 113 2021 1342 2075; baseline 0 -12"><span class='ocrx_word' id='word_1_207' title='bbox 113 2021 277 2063; x_wconf 66' lang='grc' dir='ltr'><strong>ΧΧΙΧ.’</strong></span> <span class='ocrx_word' id='word_1_208' title='bbox 311 2024 456 2064; x_wconf 88' lang='lat' dir='ltr'><strong>Eadem</strong></span> <span class='ocrx_word' id='word_1_209' title='bbox 487 2024 637 2073; x_wconf 56' lang='lat' dir='ltr'><strong>testate,</strong></span> <span class='ocrx_word' id='word_1_210' title='bbox 672 2037 746 2075; x_wconf 87' lang='lat' dir='ltr'><strong>qua</strong></span> <span class='ocrx_word' id='word_1_211' title='bbox 774 2025 857 2065; x_wconf 85' lang='lat' dir='ltr'><strong>haec</strong></span> <span class='ocrx_word' id='word_1_212' title='bbox 897 2026 1048 2066; x_wconf 87' lang='lat' dir='ltr'><strong>diversis</strong></span> <span class='ocrx_word' id='word_1_213' title='bbox 1082 2025 1201 2065; x_wconf 78' lang='lat' dir='ltr'><strong>Italiae</strong></span> <span class='ocrx_word' id='word_1_214' title='bbox 1243 2024 1342 2063; x_wconf 80' lang='lat' dir='ltr'><strong>locis</strong></span> 
     </span>
     <span class='ocr_line' id='line_1_31' title="bbox 61 2082 1342 2136; baseline 0.002 -16"><span class='ocrx_word' id='word_1_215' title='bbox 61 2082 314 2134; x_wconf 84' lang='lat' dir='ltr'><strong>gerebantur,</strong></span> <span class='ocrx_word' id='word_1_216' title='bbox 338 2085 377 2125; x_wconf 91' lang='lat' dir='ltr'><strong>P.</strong></span> <span class='ocrx_word' id='word_1_217' title='bbox 404 2084 571 2125; x_wconf 86' lang='lat' dir='ltr'><strong>Rutilius</strong></span> <span class='ocrx_word' id='word_1_218' title='bbox 606 2086 762 2135; x_wconf 80' lang='lat' dir='ltr'><strong>consul,</strong></span> <span class='ocrx_word' id='word_1_219' title='bbox 791 2087 913 2136; x_wconf 84' lang='lat' dir='ltr'><strong>copiis</strong></span> <span class='ocrx_word' id='word_1_220' title='bbox 942 2099 1030 2125; x_wconf 89' lang='lat' dir='ltr'><strong>cum</strong></span> <span class='ocrx_word' id='word_1_221' title='bbox 1055 2087 1096 2125; x_wconf 94' lang='lat' dir='ltr'><strong>C.</strong></span> <span class='ocrx_word' id='word_1_222' title='bbox 1128 2086 1254 2125; x_wconf 83' lang='lat' dir='ltr'><strong>Mario</strong></span> <span class='ocrx_word' id='word_1_223' title='bbox 1285 2086 1342 2124; x_wconf 86' lang='lat' dir='ltr'><strong>di-</strong></span> 
     </span>
     <span class='ocr_line' id='line_1_32' title="bbox 60 2147 1344 2198; baseline 0 -12"><span class='ocrx_word' id='word_1_224' title='bbox 60 2147 337 2195; x_wconf 82' lang='lat' dir='ltr'><strong>vifiS,Telonii</strong></span> <span class='ocrx_word' id='word_1_225' title='bbox 371 2148 542 2187; x_wconf 87' lang='lat' dir='ltr'><strong>fluminis</strong></span> <span class='ocrx_word' id='word_1_226' title='bbox 572 2156 770 2198; x_wconf 89' lang='lat' dir='ltr'><strong>utramque</strong></span> <span class='ocrx_word' id='word_1_227' title='bbox 799 2148 922 2198; x_wconf 84' lang='lat' dir='ltr'><strong>ripam</strong></span> <span class='ocrx_word' id='word_1_228' title='bbox 948 2147 1100 2186; x_wconf 91' lang='lat' dir='ltr'><strong>duobus</strong></span> <span class='ocrx_word' id='word_1_229' title='bbox 1134 2147 1260 2185; x_wconf 84' lang='lat' dir='ltr'><strong>castris</strong></span> <span class='ocrx_word' id='word_1_230' title='bbox 1287 2155 1344 2186; x_wconf 83' lang='lat' dir='ltr'><strong>to-</strong></span> 
     </span>
     <span class='ocr_line' id='line_1_33' title="bbox 62 2206 1343 2258; baseline -0.001 -12"><span class='ocrx_word' id='word_1_231' title='bbox 62 2207 260 2258; x_wconf 87' lang='lat' dir='ltr'><strong>tidemque</strong></span> <span class='ocrx_word' id='word_1_232' title='bbox 278 2210 457 2258; x_wconf 86' lang='lat' dir='ltr'><strong>pontibus</strong></span> <span class='ocrx_word' id='word_1_233' title='bbox 481 2208 694 2249; x_wconf 87' lang='lat' dir='ltr'><strong>obtinebat.</strong></span> <span class='ocrx_word' id='word_1_234' title='bbox 717 2208 904 2249; x_wconf 86' lang='lat' dir='ltr'><strong>Telonius</strong></span> <span class='ocrx_word' id='word_1_235' title='bbox 918 2239 929 2256; x_wconf 80' lang='lat'>‚</span> <span class='ocrx_word' id='word_1_236' title='bbox 945 2220 1011 2257; x_wconf 87' lang='lat' dir='ltr'><strong>per</strong></span> <span class='ocrx_word' id='word_1_237' title='bbox 1032 2206 1177 2246; x_wconf 82' lang='lat' dir='ltr'><strong>Marsos</strong></span> <span class='ocrx_word' id='word_1_238' title='bbox 1196 2208 1317 2246; x_wconf 85' lang='lat' dir='ltr'><strong>fluens</strong></span> <span class='ocrx_word' id='word_1_239' title='bbox 1330 2238 1343 2256; x_wconf 89' lang='lat'>,</span> 
     </span>
     <span class='ocr_line' id='line_1_34' title="bbox 63 2269 1341 2320; baseline 0 -12"><span class='ocrx_word' id='word_1_240' title='bbox 63 2270 168 2320; x_wconf 89' lang='lat' dir='ltr'><strong>apud</strong></span> <span class='ocrx_word' id='word_1_241' title='bbox 196 2270 377 2310; x_wconf 86' lang='lat' dir='ltr'><strong>Reatinos</strong></span> <span class='ocrx_word' id='word_1_242' title='bbox 404 2270 538 2309; x_wconf 80' lang='lat' dir='ltr'><strong>velino</strong></span> <span class='ocrx_word' id='word_1_243' title='bbox 563 2270 680 2309; x_wconf 85' lang='lat' dir='ltr'><strong>fluvio</strong></span> <span class='ocrx_word' id='word_1_244' title='bbox 712 2271 970 2319; x_wconf 86' lang='lat' dir='ltr'><strong>conjungitur.</strong></span> <span class='ocrx_word' id='word_1_245' title='bbox 1013 2269 1156 2308; x_wconf 86' lang='lat' dir='ltr'><strong>Iisdem</strong></span> <span class='ocrx_word' id='word_1_246' title='bbox 1182 2270 1220 2308; x_wconf 87' lang='lat' dir='ltr'><strong>iii</strong></span> <span class='ocrx_word' id='word_1_247' title='bbox 1246 2269 1341 2308; x_wconf 88' lang='lat' dir='ltr'><strong>locis</strong></span> 
     </span>
     <span class='ocr_line' id='line_1_35' title="bbox 62 2331 1336 2383; baseline 0 -12"><span class='ocrx_word' id='word_1_248' title='bbox 62 2339 146 2372; x_wconf 82' lang='lat' dir='ltr'><strong>tum</strong></span> <span class='ocrx_word' id='word_1_249' title='bbox 176 2332 218 2373; x_wconf 92' lang='lat' dir='ltr'><strong>C.</strong></span> <span class='ocrx_word' id='word_1_250' title='bbox 242 2333 391 2373; x_wconf 88' lang='lat' dir='ltr'><strong>Vettius</strong></span> <span class='ocrx_word' id='word_1_251' title='bbox 417 2333 512 2373; x_wconf 85' lang='lat' dir='ltr'><strong>Cato</strong></span> <span class='ocrx_word' id='word_1_252' title='bbox 536 2331 727 2372; x_wconf 89' lang='lat' dir='ltr'><strong>sociorum</strong></span> <span class='ocrx_word' id='word_1_253' title='bbox 751 2340 891 2383; x_wconf 81' lang='lat' dir='ltr'><strong>praetor</strong></span> <span class='ocrx_word' id='word_1_254' title='bbox 913 2331 1125 2371; x_wconf 82' lang='lat' dir='ltr'><strong>exercitum</strong></span> <span class='ocrx_word' id='word_1_255' title='bbox 1150 2331 1336 2380; x_wconf 78' lang='lat' dir='ltr'><strong>habebat,</strong></span> 
     </span>
    </p>
   </div>
   <div class='ocr_carea' id='block_1_3' title="bbox 110 2457 1345 2506">
    <p class='ocr_par' dir='ltr' id='par_1_6' title="bbox 110 2457 1345 2506">
     <span class='ocr_line' id='line_1_36' title="bbox 110 2457 1345 2506; baseline 0.001 -13"><span class='ocrx_word' id='word_1_256' title='bbox 110 2458 134 2504; x_wconf 71' lang='grc'>5</span> <span class='ocrx_word' id='word_1_257' title='bbox 157 2458 299 2497; x_wconf 85' lang='lat' dir='ltr'>XXVII.</span> <span class='ocrx_word' id='word_1_258' title='bbox 318 2459 393 2494; x_wconf 86' lang='lat' dir='ltr'><strong>Cic.</strong></span> <span class='ocrx_word' id='word_1_259' title='bbox 416 2459 456 2495; x_wconf 85' lang='lat' dir='ltr'><strong>de</strong></span> <span class='ocrx_word' id='word_1_260' title='bbox 469 2461 534 2506; x_wconf 80' lang='lat' dir='ltr'><strong>leg.</strong></span> <span class='ocrx_word' id='word_1_261' title='bbox 557 2460 673 2505; x_wconf 73' lang='lat' dir='ltr'><strong>Agr-ar.</strong></span> <span class='ocrx_word' id='word_1_262' title='bbox 692 2459 832 2495; x_wconf 74' lang='lat' dir='ltr'><strong>ciuvet.</strong></span> <span class='ocrx_word' id='word_1_263' title='bbox 853 2457 927 2496; x_wconf 76' lang='lat' dir='ltr'><strong>Ital.</strong></span> <span class='ocrx_word' id='word_1_264' title='bbox 942 2466 1012 2494; x_wconf 82' lang='lat' dir='ltr'><strong>ant.</strong></span> <span class='ocrx_word' id='word_1_265' title='bbox 1030 2470 1066 2506; x_wconf 79' lang='lat' dir='ltr'><strong>p.</strong></span> <span class='ocrx_word' id='word_1_266' title='bbox 1087 2458 1181 2495; x_wconf 79' lang='lat'>1186.</span> <span class='ocrx_word' id='word_1_267' title='bbox 1196 2457 1345 2504; x_wconf 69' lang='lat' dir='ltr'><strong>Appiam.</strong></span> 
     </span>
    </p>
   </div>
  </div>
 </body>
</html>
