1638 2937
168 188 178 206 -·
231 156 338 219 'IN
378 169 895 220 toc..L113.Xcv
938 171 1088 218 mv,
1237 171 1334 234 381'

57 275 144 318 satis
168 278 330 330 impigre
346 279 614 326 Nicomediam
640 285 872 327 perrexerat,
896 276 1020 321 castris
1040 276 1088 314 ad
1110 275 1332 316 vicesimum

60 338 138 377 fere
159 338 328 391 lapidem
358 341 403 379 ab
438 341 580 391 oppido
613 337 884 382 communitis,
913 349 960 374 ne
992 349 1161 387 pugnare
1197 346 1330 375 contra

60 402 312 439 commodum
349 408 559 451 cogeretur.
598 399 742 438 Eodem
775 400 808 436 ἅ
845 397 1009 436 Triarius
1039 408 1118 435 non
1153 397 1334 449 invitatus

58 464 245 502 occurrit:
271 465 306 501 Sc
325 462 410 511 quia
426 474 489 499 rex
508 461 606 499 intra
636 461 780 498 moenia
804 458 889 496 suos
915 458 1140 504 reduxerat,
1167 458 1214 497 ab
1234 468 1334 497 utro..

58 537 133 574 que
162 525 426 564 Romanorum
464 523 632 562 exercitu
669 522 789 573 coepit
820 520 992 561 obsideri.
1030 521 1146 571 Quod
1179 522 1335 562 interim

57 588 304 628 mediocriter
329 588 481 634 ferens,
512 586 711 636 postquam
743 584 895 634 gemina
929 582 1050 623 navali
1087 595 1214 635 pugna
1242 582 1335 622 clas-

58 647 137 687 sem
160 650 330 688 amissam
355 650 514 695 didicit,
540 646 700 687 Lucullo
730 645 1003 696 superventuro
1031 644 1067 683 se
1089 654 1188 683 ratus
1212 644 1336 693 impa-

59 721 164 764 rem,
192 710 353 748 Pontum
376 720 505 760 petere
529 708 705 747 classibus
737 707 916 746 decrevit.
944 706 988 744 In
1014 705 1089 744 hoc
1115 706 1251 744 itinere
1270 706 1336 744 de-

61 767 140 809 nuo
162 780 239 809 tam
267 772 371 810 foeda
392 771 615 822 tempestate
644 770 883 808 conflictatus
907 768 979 816 est,
1004 778 1047 807 ut
1067 767 1210 807 navalis
1236 781 1338 818 proe-

60 832 103 871 lii
144 834 257 873 instar
293 834 407 883 esset,
438 834 659 885 duplicique
693 832 765 871 hac
799 832 908 871 clade
943 831 1190 872 Mithridates
1231 832 1337 881 prius

60 895 112 934 ad
138 896 309 944 Parium,
341 899 374 936 <Sc
400 908 502 934 nunc
529 894 631 933 haud
658 893 792 945 procul
814 892 1021 940 Heraclea,
1044 893 1091 932 ad
1117 893 1251 932 decem
1269 892 1339 931 ho-

60 957 209 996 minum
237 959 379 1007 millia,
407 961 441 998 &
467 958 638 997 rostratas
666 957 880 1009 sexaginta,
910 957 1045 996 florem
1075 955 1260 996 exercitus
1281 954 1340 995 sui

63 1020 257 1072 classisque
289 1022 521 1072 deperderet.

114 1082 273 1133 XXVI„
293 1083 384 1123 Eam
416 1083 676 1122 calamitatem
703 1081 753 1121 ad
776 1082 869 1120 iram
896 1082 1088 1132 Priapenae
1116 1079 1247 1119 Dianae
1271 1077 1340 1117 su-

0 1183 1 1186 ,
60 1143 255 1194 perstitiofi
282 1144 458 1183 homines
480 1143 709 1188 retulerunt,
731 1144 840 1191 cujus
855 1155 875 1180 a
895 1143 1003 1191 regiis
1017 1140 1218 1191 spoliatum
1241 1147 1339 1177 tem-

0 1221 1 1241 1
61 1204 196 1255 plum,
231 1205 505 1256 abreptumque
550 1203 790 1243 simulacrum
830 1203 965 1242 fuerat.
1022 1201 1158 1241 Amiffa
1200 1213 1340 1250 magna.

0 1271 1 1294 l
62 1276 169 1318 parte
197 1266 340 1314 claffffi,
360 1280 450 1306 cum
475 1265 663 1317 plerisque
693 1264 846 1314 reliquis
875 1263 1033 1303 navibus
1054 1264 1094 1301 in
1117 1262 1251 1301 ostium
1271 1263 1342 1300 flu-

64 1330 176 1368 minis
215 1330 357 1380 Hypfi,
384 1329 489 1379 quod
522 1327 626 1366 haud
664 1325 799 1377 procul
829 1324 1013 1365 Heraclea
1047 1325 1173 1372 abest,
1199 1338 1266 1364 rex
1302 1323 1340 1363 se

60 1391 217 1440 recepit.
252 1391 286 1430 Is
313 1400 395 1429 tum
433 1390 548 1428 status
590 1386 784 1428 Heracleae
817 1396 922 1433 erat,
949 1396 992 1425 ut
1019 1388 1141 1436 magis
1170 1385 1293 1425 aliena
1320 1398 1344 1424 a

63 1453 246 1493 Romanis
272 1453 321 1493 ob
348 1452 513 1492 sublatos
548 1451 799 1503 publicanos,
827 1463 942 1500 quam
964 1450 1003 1488 in
1036 1449 1218 1500 potestate
1244 1449 1342 1499 regis

65 1515 167 1556 esset.
205 1516 346 1566 Igitur,
372 1516 465 1554 dum
501 1513 703 1553 neceffario
730 1512 929 1551 stationem
960 1513 999 1550 in
1021 1512 1207 1559 flumine,
1239 1523 1344 1549 non-

67 1575 160 1614 dum
186 1575 315 1614 sedato
338 1577 452 1625 mari,
477 1575 614 1622 habet,
642 1573 803 1613 sollicite
826 1572 1002 1623 inquisito
1017 1603 1028 1621 ,
1044 1571 1281 1611 Lamachum
1304 1571 1345 1610 in

65 1633 216 1675 summo
246 1637 462 1687 magistratu
501 1649 611 1687 agere
649 1636 860 1686 comperit:
896 1649 968 1686 quo
1006 1634 1140 1674 nuntio
1169 1636 1341 1681 ereans,

67 1699 171 1747 quod
202 1699 320 1737 veteri
358 1698 526 1738 amicitia
563 1700 738 1747 cognitus
763 1697 817 1736 illi
851 1695 1066 1737 Lamachus
1097 1706 1198 1743 erat,
1225 1695 1343 1734 missis

66 1759 216 1798 idoneis
240 1759 482 1808 hominibus,
513 1759 635 1798 multa
664 1759 860 1810 largiendo
894 1758 1191 1808 pollicendoque
1215 1757 1344 1807 perse-

67 1820 144 1869 cit‚
165 1829 208 1859 ut
232 1834 385 1870 operam
410 1821 516 1860 suam
540 1820 754 1861 Lamachus
783 1821 1003 1866 addiceret,
1031 1832 1108 1869 quo
1130 1831 1196 1858 rex
1220 1819 1259 1857 in
1283 1830 1342 1857 ur-

69 1882 157 1921 bem
187 1883 428 1932 reciperetur.
542 1874 544 1877 ’

125 1944 292 1984 XXVII.
324 1945 433 1984 Dic⁶ta
459 1945 544 1991 die,
571 1943 738 1983 solemne
758 1938 983 1988 sacrificium
1005 1941 1220 1982 Lamachus
1247 1941 1349 1980 insti-

69 2006 143 2045 tuit
168 2016 275 2045 extra
299 2007 453 2054 urbem,
469 2016 606 2047 vocato
636 2005 804 2056 populo,
830 2018 879 2044 ne
902 2016 1020 2055 portae
1044 2004 1226 2044 consueto
1249 2014 1351 2043 tem-

69 2080 164 2117 pore
190 2067 466 2107 clauderentur.
501 2070 558 2109 Ad
580 2082 706 2119 regem
731 2070 875 2107 interea
906 2081 1089 2118 myoparo
1114 2066 1262 2107 Seleuci
1286 2079 1348 2105 ar-

71 2128 265 2179 chipiratae
293 2130 480 2179 mittitur,
509 2143 620 2180 quem
647 2128 944 2177 conscenderet3
969 2128 1055 2178 quia
1084 2129 1188 2167 navis
1206 2140 1348 2166 onera-

70 2190 148 2238 ria,
173 2203 245 2241 qua
266 2200 345 2229 erat
367 2194 518 2240 vectus,
542 2192 592 2229 ob
613 2190 834 2229 violentiam
859 2191 1128 2241 tempestatum
1152 2189 1251 2230 utilis
1273 2190 1348 2229 effe

71 2253 240 2294 desierat.
268 2253 576 2292 Dehortabantur
599 2253 855 2303 maximopere
880 2253 1019 2301 amici,
1046 2268 1088 2290 ne
1110 2254 1347 2305 cor-passuum

71 2314 266 2352 hominibus
289 2315 471 2366 incognizae
503 2315 591 2365 fidei
622 2316 773 2353 crederer.
819 2327 982 2364 quorum
1017 2312 1081 2352 ille
1104 2323 1251 2352 metum
1280 2311 1348 2353 tali

70 2374 247 2416 sermone
290 2375 512 2426 castigavit:
540 2375 622 2429 Ego
663 2390 743 2414 vero
772 2376 878 2426 fidem
913 2377 1078 2429 vestram,
1114 2388 1346 2429 amoremque,

115 2491 139 2538 5
163 2491 271 2529 XXV.
297 2491 372 2528 Liv.
394 2491 484 2538 Epit.
506 2491 653 2538 Appian.
677 2491 767 2530 plut.
790 2491 812 2539 §
834 2491 962 2531 XXVI.
985 2491 1159 2528 Memnon²
