1638 2937
274 133 366 191 284
430 134 526 180 JO.
566 132 1070 180 FREINSHEMII
1099 131 1486 180 SUPPLEM.

272 253 416 290 pavor3
446 252 518 279 nec
543 239 634 290 quid
669 247 735 279 aut
762 240 961 288 facerent,
999 246 1064 279 aut
1094 239 1340 289 omitterent,
1371 252 1447 290 quo
1486 240 1558 279 tuti

270 303 418 349 forent,
457 302 545 343 satis
566 303 747 344 sciebant.
1066 317 1070 320 ⁴

324 365 471 405 XXVI.
508 367 719 405 Accederes
748 366 796 405 ad
825 364 1022 414 tabulam;
1051 378 1119 416 pro
1145 365 1292 406 curioso
1322 364 1558 416 periclitare-

269 426 349 465 ris:
373 440 452 466 non
475 428 702 476 accederes;
734 440 803 477 pro
825 427 1075 478 indignante:
1103 440 1286 478 quaereres
1302 457 1312 476 2
1345 427 1438 477 quid
1474 426 1560 465 scri-

270 497 380 539 ptum
406 489 521 536 esset,
546 504 615 541 pro
641 499 679 529 te
699 498 764 530 aut
786 492 861 530 tuis
885 490 1117 529 conscientia
1142 490 1327 529 sollicitus
1346 490 1527 529 videreris
1547 503 1557 530 ε

268 551 431 590 adstares
456 553 616 600 tacitus;
637 552 735 590 odiis
763 551 954 590 latronum
987 552 1196 600 objicerere
1213 582 1224 600 ‚
1250 560 1434 602 tanquam
1464 551 1559 589 tristi

268 611 413 652 silentio
440 614 637 664 praesentia
663 614 858 652 damnans.
886 614 986 653 Nam
1012 614 1048 652 Sc
1068 612 1204 661 multi,
1229 615 1332 664 quod
1359 613 1418 651 vel
1439 611 1560 652 subri-

266 673 393 714 serant
417 677 462 714 ad
488 674 597 722 talia,
620 675 679 714 vel
706 675 873 714 frontem
895 677 1184 722 contraxerant,
1212 675 1469 714 caedebantur.
1493 687 1558 713 ne-

268 748 342 784 que
372 744 438 775 aut
461 735 575 775 amici
606 735 692 774 cafu
721 734 995 786 ingemiscere,
1024 744 1091 775 aut
1122 735 1324 775 adversarii
1352 736 1468 775 exitio
1497 735 1560 774 lae-

269 797 338 835 tari
366 798 524 853 impune
548 807 638 836 erat.
668 798 851 836 Praeterea
870 796 999 835 multis
1020 797 1252 847 perniciosus
1276 797 1556 848 cognominum

267 872 370 898 error
394 869 496 908 erat7
527 873 609 910 qua:
639 859 898 911 percussores,
926 858 992 898 ubi
1015 858 1243 909 proscriptos
1272 872 1350 898 non
1381 859 1556 907 nossent,

267 918 349 959 aliis
383 920 639 971 affingebant:
671 919 938 969 oriebaturque
967 919 1063 969 saepe
1095 919 1382 968 imponentium
1416 932 1561 971 cogno-

268 982 371 1020 mina
402 984 437 1021 &
468 983 723 1032 rejicientium
750 981 959 1021 vehemens
986 984 1196 1020 contentio.

322 1044 488 1084 XXVII.
520 1045 580 1084 Ne
613 1044 789 1084 mulieres
818 1045 974 1094 quidem
1004 1056 1164 1083 exemtae
1202 1045 1355 1094 penitus
1383 1043 1557 1094 periculo

270 1114 399 1153 erant,
429 1106 523 1156 quin
557 1106 673 1145 etiam
697 1105 847 1145 illarum
876 1105 1070 1144 nonnullae
1105 1105 1244 1157 gladiis
1274 1105 1559 1146 homicid-arum

270 1165 540 1215 objicerentur.
570 1167 671 1206 Inter
699 1167 766 1207 has
789 1167 953 1206 miserias
987 1163 1113 1205 minus
1145 1167 1372 1206 videbantur
1407 1166 1557 1206 misera-

270 1228 394 1275 biles,
430 1243 525 1280 quos
556 1230 704 1281 ignaros
740 1229 849 1268 sortis
886 1228 984 1276 suae,
1024 1239 1090 1267 aut
1117 1228 1210 1266 dum
1247 1227 1352 1266 illam
1385 1227 1558 1281 discunt,

269 1290 463 1340 percussor
483 1291 718 1342 occupabat:
737 1304 883 1339 eorum,
902 1292 965 1341 qui
986 1290 1142 1341 praeviso
1158 1290 1331 1341 periculo
1352 1289 1387 1329 [e
1400 1290 1559 1329 abscon-

271 1352 466 1401 ditionum,
491 1353 654 1393 sollicita
680 1356 715 1393 ἃ
741 1365 865 1391 morte
900 1351 1032 1390 tristior
1056 1353 1132 1391 vita
1168 1359 1276 1399 erat,
1311 1351 1399 1401 quia
1431 1363 1557 1400 neque

269 1413 474 1464 profugere
489 1446 501 1463 ‚
518 1427 567 1454 ne
591 1413 969 1465 deprehenderentur
981 1442 992 1461 ‚
1019 1411 1235 1460 audebant,
1251 1424 1374 1462 neque
1390 1411 1431 1451 in
1448 1418 1555 1450 tanto

271 1476 445 1514 omnium
484 1484 618 1523 metu,
651 1487 742 1514 cum
777 1474 890 1514 multi
927 1474 975 1515 ab
1009 1473 1243 1513 amiciffimis
1278 1462 1557 1524 proderentur,

271 1537 465 1576 confidere
487 1538 644 1578 latebris
672 1546 861 1589 poterant.

323 1600 510 1641 XXVIII.
541 1603 677 1652 Neque
710 1601 915 1642 securiores
957 1607 1092 1647 erant,
1129 1612 1292 1650 quorum
1329 1598 1556 1638 nominibus

272 1661 438 1700 crudelis
470 1662 573 1702 stilus
601 1671 835 1714 pepercerat.
867 1664 949 1703 Nec
971 1664 1074 1702 enim
1104 1663 1223 1701 modo
1247 1661 1475 1712 proscriptos
1497 1664 1560 1710 ju-

270 1721 393 1771 gulari
411 1755 422 1771 ‚
450 1724 514 1763 sed
546 1727 661 1765 etiam
688 1726 880 1776 jugulatos
911 1724 1368 1777 proscribi‚othnuerat.
1396 1724 1434 1764 L.
1458 1724 1558 1763 Cati-

271 1783 374 1830 lina,
400 1798 577 1836 magnam
606 1787 733 1837 postea
767 1788 912 1826 famam
939 1786 1142 1826 sceleribus
1176 1788 1332 1833 nactus,
1363 1798 1453 1825 cum
1480 1787 1557 1825 fra-

274 1851 371 1884 trem
403 1848 576 1885 nondum
612 1848 867 1898 proscriptum
896 1848 1118 1897 sustulisset,
1155 1849 1277 1888 oravit
1310 1847 1482 1896 Sullam,
1514 1857 1557 1886 ut

206 1936 214 1946 .
273 1916 456 1957 tanquam
482 1907 683 1958 superstitis
711 1922 854 1948 nomen
881 1910 919 1948 in
949 1909 1119 1948 tabulam
1163 1910 1384 1956 referretur,
1419 1911 1454 1948 ὃς
1479 1909 1558 1947 im-

263 1972 447 2022 petravit.
481 1973 577 2024 Ergo
603 1982 645 2012 ut
682 1987 750 2024 pro
778 1984 856 2013 tam
880 1973 1044 2025 pulchro
1073 1974 1209 2013 merito
1245 1974 1398 2025 dignam
1434 1974 1556 2012 refer-

271 2045 328 2074 ret
347 2036 504 2086 gratiam
520 2067 530 2085 ,
551 2036 859 2077 excarnificando
883 2036 936 2076 M.
954 2036 1082 2076 Mario
1101 2035 1276 2086 praetorio
1289 2065 1301 2082 ‚
1329 2035 1445 2074 fratre
1462 2046 1554 2073 con-

271 2095 381 2144 sulis,
397 2111 553 2147 operam
570 2099 753 2150 praebuit:
777 2101 888 2148 cujus
899 2098 1133 2138 cruciatibus
1154 2097 1251 2137 nihil
1268 2097 1365 2136 vidit
1384 2096 1447 2136 illa
1465 2104 1553 2136 aetas

275 2159 478 2200 crudelius.
1180 2181 1199 2185 ν

329 2222 484 2263 XXIX.
525 2222 640 2263 Hune
677 2222 781 2262 enim
815 2223 864 2262 de
895 2222 1024 2272 caprili
1060 2221 1143 2261 casa
1179 2222 1420 2267 extranum,
1451 2220 1554 2270 prius

276 2285 399 2324 occidi
427 2284 530 2325 Sulla
548 2286 690 2334 vetuit⁷
714 2298 830 2336 quam
853 2284 1145 2335 exquisitissimis
1169 2283 1388 2331 tormentis,
1411 2283 1459 2321 ad
1483 2282 1554 2322 Lu-

326 2403 345 2434 *S
382 2402 488 2434 XXV.
519 2403 620 2436 Oros.
648 2403 790 2435 Diodor.
826 2402 847 2446 ξ
874 2403 1016 2433 XXVII.
1042 2403 1120 2434 Val.
1151 2401 1244 2433 Max.
1280 2410 1320 2441 9,
1345 2410 1375 2430 2.
1409 2399 1555 2431 Diodor-

280 2445 304 2490 §
323 2446 480 2483 XXVIH.
495 2447 596 2482 Oros.
616 2448 759 2481 Diodor.
780 2448 867 2481 lflut.
886 2459 920 2479 m
943 2448 1026 2480 Sall.
1048 2447 1168 2479 Senex.
1190 2446 1229 2478 de
1254 2443 1417 2478 Ira.Flor.
1438 2453 1452 2485 3
1471 2469 1480 2482 ,
1499 2453 1547 2474 ιι.
