1638 2937
302 196 393 245 192
468 180 559 226 JO.
609 178 1122 225 FREINSHEMII
1156 177 1520 226 SUPPLEM.

300 288 496 327 fortunam
511 286 760 326 indesinenter
779 284 1050 331 hortabantur,
1067 283 1191 322 donec
1204 284 1388 323 consensu
1406 285 1583 324 omnium

302 351 425 388 victus
458 350 573 402 (nam
599 347 748 386 trahere
777 346 921 385 bellum
946 345 1049 384 haud
1072 345 1237 383 absurdo
1264 346 1424 385 consilio
1451 348 1589 385 statue-

302 413 393 460 rat)
422 413 462 450 in
484 411 605 450 aciem
635 409 720 449 suos
749 409 889 448 eduxit.
925 409 1059 448 Praeter
1095 421 1267 446 veterum
1295 408 1494 458 copiarum
1521 422 1588 447 re·-

302 474 463 525 liquias‚
485 475 521 512 ἃς
547 485 629 522 quae
651 471 778 521 postea
802 469 1070 509 Dromichaetis
1099 470 1217 508 ductu
1243 477 1447 516 venerant,
1470 469 1588 508 etiam

301 535 489 576 Arcathiae
519 533 626 572 nullo
660 532 788 571 adhuc
817 533 1071 570 incommodo
1098 533 1304 571 imminuta
1329 535 1508 583 agmina,
1549 533 1586 572 &

301 611 386 649 quae
414 597 574 636 subinde
593 593 836 634 Mithridates
866 593 1117 632 submittebat
1135 624 1146 641 ,
1174 593 1328 633 Taxiles
1352 607 1373 633 e
1401 594 1587 632 Macedo·

301 660 366 699 nia
394 659 630 698 adduxerat:
658 655 698 693 in
724 653 939 693 universum
963 653 1166 694 hominum
1200 655 1320 695 millia
1342 665 1500 695 centum
1528 656 1585 694 vi-

301 723 399 773 ginti
433 718 756 763 numerabantur,
785 718 902 755 mixta
930 729 951 754 e
970 718 1081 756 variis
1106 718 1284 767 gentibus
1313 719 1427 758 acies.
1464 718 1587 758 Thra÷

302 797 367 824 ces
396 783 566 834 plerique
596 775 634 820 ⁵&
656 779 831 826 Pontici3
861 778 1168 828 Scytharumque
1196 781 1231 818 ἃ
1259 779 1586 830 Gallograecorum

303 844 468 891 auxilia,
495 852 578 881 tum
613 853 659 880 ex
683 839 878 890 Phrygiae,
905 839 1093 890 Bithyniae
1117 849 1403 891 ceterarumque
1430 842 1589 892 provin-

303 909 471 952 ciarum,
507 917 591 954 quae
624 904 760 953 jugum
786 901 883 951 regis
917 911 1171 951 acceperant,
1209 901 1421 942 delecstibus
1453 904 1588 942 coacta

300 972 492 1019 juventus.
521 966 607 1005 suos
639 966 776 1016 cuique
805 964 980 1015 gentium
1018 964 1220 1014 ductores,
1252 964 1410 1004 summae
1437 964 1588 1005 Arche-

301 1031 406 1070 laum
435 1041 502 1067 rex
534 1027 766 1078 praefecerat.

371 1091 417 1130 V.
455 1089 560 1130 Sulla
588 1088 712 1127 castris
738 1085 868 1126 locum
893 1085 934 1125 in
958 1085 1097 1127 Elateae
1130 1086 1269 1127 finibus
1301 1095 1479 1137 ceperat:
1519 1086 1587 1127 sed

301 1155 390 1206 quia
411 1165 537 1202 neque
552 1151 676 1199 collis,
704 1164 818 1201 quem
837 1150 1062 1197 obtinebat,
1085 1151 1252 1197 arduus,
1280 1152 1314 1190 a&
1339 1150 1415 1189 lata
1439 1151 1586 1189 circum

302 1216 481 1268 planities
512 1222 614 1262 erat3
644 1226 731 1252 cum
756 1226 879 1263 neque
902 1212 989 1251 loco
1017 1213 1152 1251 fideret
1168 1244 1179 1261 ,
1208 1215 1242 1252 ἃ
1263 1214 1392 1251 terreri
1418 1212 1587 1252 hostium

299 1277 551 1318 multitudine
573 1276 891 1314 animadverteret
912 1274 1021 1322 suos,
1044 1276 1142 1313 intra
1160 1274 1301 1314 vallum
1327 1275 1364 1314 se
1384 1276 1588 1316 continuit.

299 1341 347 1382 Id
381 1353 471 1381 cum
508 1339 700 1378 continuis
729 1337 876 1388 aliquot
919 1338 1052 1376 diebus
1084 1337 1301 1376 factitatum
1338 1335 1455 1383 esset,
1491 1347 1588 1374 con-

298 1411 472 1443 temnere
493 1401 638 1440 hostem
654 1401 747 1450 regii
763 1408 962 1450 coeperunt
974 1429 985 1447 ,
1004 1401 1039 1438 ἃ
1054 1429 1065 1446 ‚
1082 1411 1158 1448 quo
1175 1398 1320 1436 ferebat
1340 1398 1513 1443 animus,
1527 1397 1588 1436 in-
1607 1435 1609 1437 ,

299 1464 400 1513 jussu
427 1464 570 1503 ducum
600 1462 826 1512 pabulatum
852 1474 1062 1500 excurrere.
1098 1462 1321 1510 Panopeum
1343 1459 1500 1498 Boeotiae
1525 1471 1588 1498 ur-

300 1523 390 1562 bem
417 1522 493 1561 fine
527 1531 632 1560 certo
660 1522 823 1569 imperio
858 1530 943 1560 tum
974 1521 1138 1559 deletam
1171 1519 1324 1558 ferunt:
1364 1518 1583 1560 Lebadeam

300 1597 392 1623 cum
418 1583 557 1622 celebri
582 1581 802 1632 Trophonii
831 1579 985 1619 oraculo
1009 1581 1209 1631 direptam.
1249 1580 1406 1620 dolebat
1431 1582 1470 1619 in
1492 1595 1584 1620 ocu-

300 1647 346 1686 lis
371 1646 446 1684 suis
477 1645 647 1684 fortunas
678 1642 868 1682 sociorum
902 1642 1019 1692 diripi
1055 1642 1182 1690 Sulla,
1214 1643 1278 1681 sed
1316 1643 1479 1682 militem
1507 1644 1583 1682 for-

299 1707 446 1746 midine
470 1705 644 1744 nondum
667 1703 873 1742 liberatum
909 1705 1112 1743 certamini
1137 1717 1216 1743 non
1238 1704 1406 1744 audebat
1436 1706 1582 1754 objice.

298 1783 351 1808 re.
388 1767 583 1807 laboribus
618 1778 708 1815 ergo
743 1776 858 1814 atque
891 1777 1051 1814 operum
1086 1766 1204 1805 taedio
1242 1766 1406 1816 putabat
1439 1766 1582 1806 adduci

300 1830 433 1881 posse,
461 1838 503 1867 ut
525 1828 652 1878 potius
680 1840 848 1877 pugnam
877 1827 1088 1876 poscerent.

354 1891 416 1931 VI.
442 1890 527 1941 Ipse
543 1920 555 1938 ,
572 1888 686 1927 missis
708 1889 756 1926 ad
778 1887 1008 1928 Archelaum
1038 1887 1171 1938 legatis
1185 1918 1196 1936 ,
1213 1889 1317 1938 pacis
1341 1889 1580 1930 mentionem

299 1952 548 2003 interposuit,
572 1950 746 1989 inducias
767 1961 918 1999 quoque
933 1951 1088 1998 paclus:
1110 1963 1185 1999 quo
1207 1949 1433 1989 securiorem
1456 1951 1584 1989 effice-

298 2023 357 2053 ret
381 2013 554 2060 hostem,
592 2014 627 2052 Sc
663 2012 780 2050 castra
815 2011 880 2050 sua
912 2011 952 2049 in
976 2012 1156 2050 tutiorem
1184 2011 1314 2050 locum
1347 2012 1579 2051 transferret.

300 2076 460 2125 Utrique
489 2073 645 2113 consilio
674 2073 781 2112 ficuti
808 2074 902 2112 ratio
930 2072 1114 2119 affuerat,
1138 2073 1291 2111 fortuna
1325 2074 1361 2112 Sc
1392 2071 1580 2112 succeffus

298 2137 503 2177 affuerunt.
541 2135 672 2176 Tertio
697 2136 784 2184 die,
815 2135 1015 2185 postquam
1044 2135 1253 2173 derivando
1277 2133 1427 2184 Cephisi
1452 2133 1580 2172 flumi-

298 2213 375 2248 ne,
411 2199 588 2249 foffisque
626 2198 993 2249 ducendisrfatigari
1023 2206 1245 2249 coeperant,
1282 2204 1579 2246 praetereuntem

300 2263 400 2301 forte
423 2260 565 2301 Sullam
597 2273 739 2310 magno
772 2272 861 2298 cum
893 2259 1060 2299 clamore
1094 2257 1275 2309 proelium
1309 2255 1580 2306 poposcerunt,

300 2321 383 2371 Ille,
396 2335 475 2361 non
491 2336 650 2374 pugnam
665 2321 896 2374 cupientium,
910 2322 976 2375 sed
989 2321 1119 2359 laboris
1135 2320 1379 2372 pmaefhmm,
1393 2319 1483 2356 hunc
1507 2317 1581 2355 cla-

308 2469 318 2481 »
347 2450 453 2528 {lvd
477 2449 577 2485 Ores.
599 2451 641 2494 6,
661 2460 691 2485 2.
707 2450 855 2496 Appian.
877 2450 900 2495 §
922 2451 969 2487 V.
986 2448 1079 2482 Plut.
1100 2448 1248 2492 Appian.
1270 2447 1388 2481 Front.
1410 2448 1514 2480 Strat.
1533 2454 1547 2478 ι
1563 2469 1577 2487 ,

299 2505 322 2530 2
411 2505 425 2528 1
455 2517 465 2528 ι
1551 2521 1556 2528 .
