1638 2937
247 177 350 225 ‘IN
384 174 737 230 LOQ.L113.
775 172 1180 224 LXXVIILIV.
1310 191 1372 240 97

144 285 213 327 Ill.
256 286 341 325 Hac
367 285 582 324 animorum
615 281 863 321 inclinatione
901 283 1048 322 Marius
1078 296 1167 322 cum
1199 283 1368 336 Sulpicio

90 348 148 387 uti
175 347 408 397 cupiebant,
433 344 602 384 infaustis
634 343 854 392 ominibus,
890 347 926 384 ὃς
962 345 1011 384 ad
1044 347 1217 396 graviora
1242 348 1375 398 reipu-1

90 407 200 448 blicze
229 409 328 448 mala
356 408 613 459 perventuris,
642 420 756 457 quam
794 420 963 458 unquam
995 416 1106 446 antea
1132 407 1374 449 sustinuisset,

90 469 212 519 quue
247 470 500 519 fignificatum
543 467 671 506 multis
700 468 884 518 prodigiis
925 476 1075 519 putant.
1120 468 1292 508 Flamma
1327 481 1375 509 es:

89 530 283 571 hastilibus
313 531 504 582 lignorum
539 542 628 568 cum
661 530 899 578 emicuisset,
931 531 991 569 vix
1020 530 1200 581 restingui
1230 533 1372 580 potuit.

92 592 204 633 Corvi
227 603 301 631 tres
328 592 455 643 pullos
483 593 522 631 in
547 591 794 642 conspestum
819 591 1023 631 hominum
1047 592 1182 631 allatos
1214 594 1376 633 devora-

89 662 248 701 verunt,
274 655 309 693 <Se
341 654 518 703 reliquias
544 662 784 704 reportarunt
807 654 846 691 in
877 653 1024 692 nidum.
1052 654 1184 694 Mures
1211 656 1251 693 in
1277 664 1383 698 tem-,

88 713 156 765 plo
185 714 352 763 quodam
385 714 531 752 {acrum
559 728 693 753 aurum
719 714 900 753 roserunt.
934 728 954 753 e
979 714 1117 765 quibus
1143 727 1233 753 cum
1260 715 1372 753 femi-

86 789 178 815 nam
203 789 319 815 unam
344 776 473 815 aeditui
498 776 702 827 cepissent,
723 777 761 814 in
785 775 995 826 muscipula
1017 777 1186 827 quinque
1215 775 1371 815 museu-

87 837 146 877 los
171 838 297 885 enisa,
323 846 396 877 tres
421 851 555 877 eorum
589 838 797 878 devoravit.

143 909 206 948 IV.
237 909 313 948 Sed
339 907 435 947 nihil
458 908 531 947 fuit
556 907 800 957 horribilius,
827 922 942 960 quam
970 910 1075 960 quod
1102 909 1233 949 sereno
1264 909 1366 949 coelo

88 971 191 1010 tubae
220 983 294 1009 vox
315 969 505 1017 insonuit,
539 969 700 1020 lugubre
732 973 766 1010 &
795 969 908 1010 valde
939 980 1096 1010 acutum
1129 984 1293 1020 canens,
1329 979 1374 1012 ut

88 1033 266 1073 homines
290 1033 338 1071 ad
363 1031 647 1070 vehementiam
673 1032 800 1070 sonori
824 1031 1014 1082 clangoris
1041 1032 1371 1073 cohorrefcerent.

90 1093 148 1132 EX
181 1092 240 1132 his
270 1092 384 1131 Tusci
412 1091 627 1143 haruspices
657 1093 881 1131 mutationem
904 1107 1011 1131 rerum
1037 1094 1160 1144 instare
1187 1093 1375 1142 praedica-

89 1153 195 1193 bant.
225 1153 404 1204 Dumque
432 1154 492 1192 his
518 1153 629 1197 rebus
661 1166 820 1203 operam
846 1153 912 1192 dat
931 1153 1082 1192 senatus
1114 1154 1153 1192 in
1181 1154 1261 1193 aecle
1288 1153 1373 1193 Bel*

88 1216 212 1262 lonae,
234 1216 354 1267 paffer
376 1217 415 1254 in
436 1215 642 1267 conspectu
669 1216 844 1255 omnium
871 1217 1045 1255 cicadam
1071 1230 1136 1255 ore
1156 1226 1374 1267 correptam

88 1278 243 1318 intulit:
274 1279 430 1328 ejusque
457 1287 562 1328 parte
593 1278 754 1328 abjecta,
779 1280 815 1318 ὃς
841 1279 880 1316 in
905 1279 995 1318 fano
1019 1279 1175 1328 relicta,
1201 1291 1290 1318 cum
1320 1278 1379 1323 alz

89 1347 169 1379 tera
196 1348 302 1390 parte
332 1340 511 1379 avolavit.

143 1401 189 1439 V.
219 1401 265 1438 ld
279 1403 476 1452 portendere
494 1398 705 1453 seceffionem
734 1399 913 1453 agrestium
939 1399 1206 1452 urbanorumque
1229 1402 1378 1454 respon-4

89 1466 213 1503 derunt
239 1464 464 1516 haruspices:
498 1479 639 1516 qnorum
676 1464 777 1501 alteri
813 1463 943 1502 cicadae
976 1463 1014 1499 in
1043 1477 1164 1500 rnorem
1188 1464 1376 1516 streperent
1416 1476 1419 1478 ’

93 1527 267 1572 vocibus,
297 1526 398 1562 alteri
417 1526 580 1576 fimiliter
606 1538 709 1577 atque
733 1526 790 1563 illi
812 1526 883 1562 ruri
903 1525 1078 1576 exigerent
1104 1525 1227 1564 vitam.
1261 1525 1375 1565 Nihil

89 1587 229 1626 horum
246 1586 459 1636 Sulpicium
481 1601 502 1627 a
518 1587 654 1639 coeptis
672 1586 935 1625 remorabatur
950 1617 960 1634 ‚
979 1587 1071 1624 mira
1091 1587 1278 1636 pravitate
1304 1587 1376 1627 ho-

89 1649 236 1688 minem
258 1662 279 1696 ς
295 1657 338 1687 ut
363 1648 609 1698 improbitate
638 1661 718 1686 non
742 1648 860 1686 modo
888 1648 1080 1697 superaret
1106 1656 1278 1696 ceteros,
1307 1649 1376 1690 sed

87 1708 217 1748 secum
237 1708 315 1759 ipse
331 1718 475 1748 certare
493 1710 702 1748 videretur.
738 1708 1014 1748 Crudelitatem
1035 1709 1140 1747 enim
1163 1711 1375 1750 maximam

89 1775 174 1823 pari
196 1773 355 1812 audacia
379 1773 613 1823 avaritiaque
641 1771 866 1811 miscuerat:
895 1784 1018 1821 neque
1044 1780 1196 1810 tantum
1217 1782 1298 1811 erat
1317 1773 1376 1812 ul-

89 1832 173 1873 lum
197 1834 383 1885 flagitium
399 1865 411 1883 ,
438 1837 546 1883 cujus
573 1834 634 1872 vel
653 1835 891 1884 turpitudine
911 1835 1100 1874 absisteret
1120 1849 1140 1875 a
1158 1839 1373 1887 patrando,

90 1908 164 1935 nec
189 1895 415 1946 poenitentia
444 1897 527 1946 post
552 1896 698 1935 factum
726 1896 938 1935 duceretur.

160 1960 224 1999 Vl.
268 1959 373 2009 Quid
408 1959 558 1998 multa?
590 1959 786 1997 civitatem
813 1959 1027 1998 Romanam
1059 1959 1259 2010 propalam
1286 1974 1376 2000 ven-¹

90 2022 208 2063 debat
236 2022 421 2062 libertinis
469 2025 504 2062 ἃ
543 2021 766 2072 inquilinis:
814 2024 849 2061 &-
886 2023 1015 2060 mensa
1053 2024 1095 2061 in
1130 2022 1215 2061 foro
1253 2024 1376 2073 posita.

91 2086 262 2137 pretium
285 2084 524 2124 numerabat.
562 2084 653 2123 Tria
678 2083 778 2122 circa
806 2083 843 2121 se
871 2083 1038 2122 habebat
1061 2082 1266 2121 hominum
1292 2084 1378 2122 mil,

90 2147 142 2186 lia
169 2159 258 2186 cum
286 2146 456 2194 ensibus,
494 2148 529 2185 ἃ
559 2145 608 2185 ad
638 2146 768 2184 onmia
793 2156 964 2195 paratam
1001 2145 1228 2194 equestrium
1267 2147 1376 2194 juve.

92 2222 187 2248 num
221 2208 523 2247 multitudinem.
565 2208 735 2247 sexcenti
771 2216 879 2245 erant
914 2206 1080 2251 delecti,
1110 2219 1204 2256 quos
1231 2207 1377 2259 Antisc-

93 2281 212 2307 natum
232 2280 370 2306 vocare
386 2268 644 2307 consueverat.
663 2268 878 2315 Saturnini,
895 2266 1157 2305 seditiofiffimi
1179 2266 1346 2306 hominis
1359 2295 1375 2318 ‚

96 2330 225 2370 omnia
258 2329 412 2368 laudare
437 2330 597 2378 solitus,
627 2330 875 2368 enarrationem
904 2328 943 2366 in
976 2329 1166 2379 przecipiti
1188 2328 1372 2380 homine,

142 2465 166 2511 5
191 2465 251 2498 IV.
276 2465 364 2497 Plut.
390 2465 410 2510 ς
438 2465 480 2498 V.
498 2463 551 2498 Jo.
568 2464 776 2503 Antiochen.
798 2475 851 2510 ap.
869 2464 981 2502 Vale-s.
997 2464 1085 2498 Plut.
1110 2465 1144 2498 in
1161 2464 1244 2499 Suu.
1267 2476 1296 2500 c.
1320 2472 1374 2508 150

195 2529 246 2574 T.
274 2530 368 2576 Liv.
399 2531 494 2575 Vol.
522 2530 611 2578 ΙΧΪ.
1104 2525 1150 2572 G
