1638 2937
233 152 328 215 '408
397 155 482 201 JO.
519 151 1032 201 FREINSHEMII
1077 152 1434 201 SUPPLEM.¹

291 259 445 301 XXIII.
468 259 504 300 Is
526 259 689 307 deinde,
712 271 802 298 oum
826 257 1092 308 frequentibus
1109 258 1394 299 excursionibus
1410 262 1536 310 prom-4

235 329 319 362 tam
370 322 587 371 enisamque
632 335 791 373 operam
833 321 1063 361 exhibuisset
1082 321 1334 371 ,Jpostremo
1382 333 1534 372 quoque

237 384 397 435 equestri
436 384 572 435 proelio
603 384 785 424 'servasset
817 383 980 433 multos,
1014 385 1053 424 in
1083 376 1319 436 propiorem,
1341 384 1536 423 admiffio-

235 461 329 488 nem
353 456 529 498 receptus
546 477 558 495 ,
582 446 720 485 mensae
753 445 996 496 consiliisque
1028 447 1226 486 admo-veri
1255 457 1437 497 coeperat.
1461 447 1536 497 lgi-

239 515 303 548 tur
328 508 528 548 observato
565 516 762 557 tempore,
793 521 868 558 quo
894 508 1010 547 mistis
1036 507 1232 558 principiis
1261 521 1425 548 vacuum
1457 521 1539 546 ma—

241 572 298 622 gis
324 570 675 620 incustoditumque
704 570 925 620 praetorium
950 578 1057 617 erat,
1087 570 1191 609 brevi
1217 571 1386 621 pugione
1412 569 1539 609 accin-

239 635 322 673 etus
347 647 393 673 ex
418 646 525 672 more
554 633 601 671 ad
626 631 829 672 Lucullum
853 632 1047 672 introibat.
1077 634 1152 673 Sed
1186 633 1297 672 illum
1324 635 1423 673 forte
1449 634 1537 673 fati-

242 702 374 746 gatum
401 693 526 744 longis
555 693 694 744 vigiliis
716 707 854 745 corpus
886 694 1079 733 meridiari
1112 704 1312 746 coegerat:
1343 691 1539 736 &Wiene-

241 757 379 796 demus
413 756 692 806 cubicularius,
732 757 781 795 ad
818 757 957 796 ostium
990 757 1115 806 stans,
1154 757 1320 809 negabat
1352 756 1539 796 intromitti

243 832 444 872 quemquam
472 820 668 857 mortalium
693 819 797 872 poffi.
1425 845 1428 848 ,

304 880 452 920 XXIV.
480 880 572 927 Ille,
589 882 743 934 subitum
766 881 828 933 eff·
845 897 887 920 ac
900 882 1140 933 neceffizrium‚
1160 885 1254 935 quod
1265 881 1416 935 afferret,
1435 881 1543 922 disti-

244 949 356 990 tans,
379 941 631 982 nihilominus
666 942 879 983 conabatur
906 946 1144 995 irrumpere3
1174 958 1261 983 cum
1291 943 1467 984 accensus
1486 944 1542 984 ira

247 1004 532 1053 Menedemus,
567 1005 662 1043 nihil
687 1005 804 1057 fizlure
839 1006 1054 1058 imperatoris
1090 1007 1202 1059 magis
1232 1006 1294 1058 effe
1324 1006 1541 1058 neceffizrium

247 1078 422 1116 regereris
440 1097 450 1114 ,
481 1066 666 1106 ambabus
694 1067 870 1106 manibus
902 1067 1041 1117 repulit
1069 1066 1283 1107 hominem.
1315 1068 1466 1117 Quare,
1490 1080 1542 1107 ne

246 1127 438 1179 suspefrus
466 1127 692 1178 haberetur,
716 1131 856 1169 veritus
882 1131 1024 1180 Scytha
1040 1161 1050 1178 ,
1075 1132 1207 1181 equis,
1226 1144 1322 1181 quos
1343 1140 1431 1170 ante
1455 1144 1543 1182 por.

247 1199 326 1229 tam
361 1191 566 1230 castrorum
597 1202 748 1241 paratos
776 1191 869 1231 stare
905 1191 1082 1241 jusserat,
1114 1193 1163 1231 ad
1191 1193 1459 1233 Mithridatem
1486 1207 1542 1233 re·

248 1252 348 1303 fugit
363 1284 372 1300 ‚
399 1253 597 1304 aliumque
612 1253 816 1304 Scytham‚
837 1255 993 1294 nomine
1018 1254 1287 1303 Soffldacum,
1308 1254 1545 1306 transfugere

250 1312 299 1355 ad
331 1313 532 1353 Lucullum
570 1316 699 1354 conari
732 1314 892 1356 detulit:
922 1316 987 1366 qui
1017 1315 1141 1355 statim
1174 1314 1272 1364 jussu
1299 1318 1399 1368 regis
1430 1328 1545 1357 com-

250 1374 462 1426 prehensus
494 1376 557 1414 est.

317 1437 448 1478 XXV.
491 1437 592 1477 Dum
621 1437 680 1477 his
708 1437 867 1488 aliisque
897 1437 1008 1477 rebus
1037 1437 1182 1478 bellum
1217 1439 1401 1488 trahitur,
1426 1438 1542 1491 longe

252 1500 408 1551 lateque
437 1501 618 1540 omnibus
648 1502 794 1541 circum
821 1502 1020 1548 evastatis,
1050 1502 1183 1552 inopia
1212 1512 1415 1553 utrumque
1440 1517 1548 1544 exer.

253 1564 373 1602 citum
409 1563 568 1602 incessit.
603 1563 752 1603 Idcirco
790 1563 997 1612 Lucullus,
1032 1579 1108 1615 quo
1141 1579 1177 1605 re
1205 1566 1410 1606 annonaria
1441 1579 1546 1606 corn-

256 1624 433 1664 modiore
471 1633 663 1673 uteretur,
691 1626 728 1664 in
767 1626 926 1677 planum
968 1627 1180 1678 degressus,
1210 1629 1298 1678 quia
1329 1628 1548 1678 patentibus

253 1683 351 1727 Iocis
382 1685 594 1734 equitatum
626 1689 724 1738 regis
755 1688 938 1737 timebat,
970 1690 1020 1728 ita
1052 1697 1215 1728 metatus
1247 1689 1298 1728 est
1334 1690 1477 1738 castra,
1503 1697 1547 1730 ut

258 1748 490 1787 munimenti
522 1751 647 1790 vicem
677 1748 912 1800 uliginosum
940 1749 1145 1801 paludibus
1176 1750 1296 1790 solum
1325 1750 1419 1790 hosti
1448 1750 1548 1800 obji-

263 1818 386 1859 ceret,
405 1812 440 1850 ἂ
465 1824 622 1861 regnum
640 1813 902 1853 Ariobarzanis
919 1844 929 1861 ‚
957 1814 1140 1853 intactum
1166 1813 1291 1861 bello,
1307 1827 1327 1853 a
1351 1823 1458 1864 tergo
1483 1813 1550 1854 ha.

259 1875 389 1922 beret,
416 1876 518 1915 unde
547 1885 787 1916 commeatus
822 1877 1133 1917 subveherentur.
1172 1878 1311 1917 Crebra
1343 1878 1438 1916 inter
1465 1876 1549 1917 haec

259 1936 444 1986 equestria
466 1937 598 1989 proelia
620 1939 777 1981 fiebant.
815 1939 942 1980 Semel
968 1940 1081 1979 etiam
1097 1971 1108 1989 ,
1131 1952 1217 1979 cum
1246 1941 1331 1980 suos
1360 1939 1550 1990 fugientes

261 2000 420 2046 obviam
451 2001 614 2050 egressus
642 2014 663 2039 e
687 2002 813 2041 castris
849 2003 1095 2045 Mithridates
1125 2002 1259 2042 acerbe
1282 2002 1548 2053 corripuisset,

258 2061 304 2100 iis
327 2060 464 2099 animis
479 2062 519 2100 in
544 2074 714 2113 pugnam
739 2063 958 2111 redierunt,
980 2072 1025 2103 ut
1047 2064 1211 2104 Romani
1238 2063 1306 2101 fusi
1330 2063 1547 2113 fugatique,

259 2121 374 2160 etiam
398 2123 550 2173 reversis
572 2136 591 2163 a
612 2125 875 2175 persequendo
905 2125 1098 2171 hostibus,
1127 2124 1236 2162 suum
1271 2123 1428 2175 quisque
1458 2136 1551 2162 con-

262 2182 504 2223 tubernalem
528 2198 597 2236 pro
625 2185 768 2225 victore
794 2194 1032 2235 metuentes,
1056 2187 1121 2225 vix
1144 2186 1352 2236 aliquando
1381 2186 1553 2225 facerent

262 2243 363 2293 fugae
393 2244 529 2285 finem:
556 2253 682 2285 tantus
709 2260 776 2286 eos
810 2261 929 2298 pavor
961 2256 1226 2299 occupaverat.

317 2306 466 2347 XXVI.
502 2308 614 2348 Hanc
641 2310 863 2360 victoriam,
892 2311 1006 2351 missis
1032 2312 1081 2350 ad
1112 2311 1258 2350 vicinos
1287 2322 1392 2360 reges
1426 2309 1551 2349 natio·-

315 2424 334 2463 Ε
352 2425 475 2457 XXIII.
495 2427 612 2460 Front.
632 2427 734 2460 Strat.
757 2439 775 2460 2
790 2455 798 2469 ,
822 2439 850 2468 5.
866 2430 1010 2473 Appian.
1030 2429 1120 2462 Plut.
1145 2430 1164 2474 §
1182 2429 1307 2462 XXIV.
1328 2428 1442 2461 Front.
1458 2427 1549 2463 Plut-

262 2467 409 2513 Appian.
437 2469 611 2508 Memnon.
638 2472 767 2507 Sallust.
795 2473 818 2518 §
840 2474 950 2510 XXV.
982 2473 1160 2509 Memnon.
1185 2474 1334 2519 Appian.
1357 2471 1487 2507 Sallust,
