1638 2937
304 190 369 241 QR
441 192 534 240 JO.
565 186 1100 239 FREINSHEMII
1145 190 1523 244 SUPPLEM.'

306 297 473 336 duorum
495 298 687 337 servorum
717 295 766 335 ad
787 287 1165 338 servandam'heram
1196 308 1472 343 commentum.
1508 303 1589 352 Hi,

307 371 398 399 cum
428 360 516 399 urbs
547 360 808 407 obfideretur,
843 360 892 398 ad
927 360 1125 400 Romanos
1155 361 1458 412 transfugerant,
1488 377 1588 413 ope-

306 423 617 473 raeque2pretium
637 422 816 461 fecerant.
840 421 988 469 iidem,
1013 423 1107 462 urbe
1132 432 1264 475 capta,
1290 424 1588 465 discurrentibus

306 484 356 522 ad
379 484 544 533 praedam
575 483 787 531 militibus,
821 483 871 522 ad
910 483 1069 523 herilem
1110 485 1271 524 domum
1306 486 1407 524 notis
1438 487 1588 527 viarum

307 548 544 588 diverticulis
585 557 891 600 praecurrerunt,
931 552 1215 600 extradamque
1255 551 1452 590 dominam
1496 563 1588 591 cum

305 622 381 660 prce
407 609 443 648 se
470 620 623 660 agerent
648 624 742 650 voce
764 611 950 661 vultuque
970 611 1158 658 minaces,
1190 612 1337 661 quoties
1359 626 1514 664 quamam
1537 613 1589 665 eJL

297 672 353 724 set
370 671 711 723 interrogarentur,
734 674 931 720 dominam,
952 674 985 711 ὃ)
1006 673 1142 725 quidem
1156 673 1412 724 crudclffmam
1426 704 1437 722 ,
1459 675 1509 712 ad
1521 688 1591 712 me-

303 733 406 770 ritum
423 735 635 786 fizpplicium
665 751 687 772 a
701 734 740 785 se
767 735 846 771 duci
872 733 1095 773 retulerunt.

366 799 520 840 XXIII.
556 801 617 841 Sic
649 801 827 840 eductam
856 809 959 840 extra
990 813 1119 840 muros
1153 799 1301 839 summa
1337 812 1426 839 cura
1458 799 1592 839 occul-c

306 871 510 911 taverunt,
533 864 684 911 donec,
705 864 888 903 residente
924 864 977 903 ira
1007 864 1186 910 vietoris,
1218 862 1432 914 periculum
1470 876 1590 902 omne

309 926 523 966 decederet.
560 927 661 967 Tum
688 940 778 966 vero
808 933 1040 976 aperuerunt
1073 927 1247 973 animos,
1285 927 1425 963 dominae
1445 925 1592 977 servan-

307 988 359 1024 da:
383 1002 483 1040 ergo,
512 987 843 1038 quemadmodum
874 999 930 1025 res
955 985 1036 1037 ipsa
1064 985 1152 1024 satis
1188 984 1438 1035 loquebatur,
1473 986 1591 1024 omnia

298 1049 441 1101 ftciffi,
461 1065 565 1103 neque
582 1049 646 1102 jus
661 1050 737 1103 ejus
757 1050 973 1094 imminutum
999 1063 1116 1102 cupere
1140 1048 1306 1098 profeffi.
1332 1048 1401 1088 Illa
1416 1079 1427 1097 ,
1448 1061 1496 1087 ne
1522 1047 1589 1086 be-

307 1112 446 1151 neficio
478 1126 498 1152 a
526 1112 638 1151 servis
668 1112 907 1159 vinceretur,
926 1102 1036 1161 quod
1071 1124 1190 1149 unum
1221 1111 1431 1149 maximum
1455 1111 1493 1148 in
1523 1123 1592 1160 po-

309 1172 442 1211 testate
478 1174 560 1221 ejus
594 1183 698 1220 erat,
730 1179 932 1221 utrumque
962 1184 984 1209 e
1018 1170 1176 1221 vestigio
1213 1170 1442 1209 manumifit.
1482 1169 1588 1209 Inter

308 1232 392 1273 haee
420 1236 456 1274 Sc
484 1235 526 1274 C.
548 1235 735 1286 Perperna
758 1233 908 1273 cladem
936 1233 1268 1284 ignominiamque
1290 1246 1368 1272 non
1393 1231 1593 1284 vulgarem

308 1294 433 1345 pass'us
462 1295 527 1334 est.

364 1363 512 1404 XXIV.
545 1362 642 1402 Cum
676 1363 896 1413 Praesentejo
924 1362 1035 1414 lignis
1063 1360 1212 1402 collatis
1241 1363 1487 1402 dimicaverat
1510 1361 1590 1401 hoc

311 1434 473 1472 eventu,
506 1431 571 1471 ut,
601 1433 762 1475 quatuor
787 1424 957 1463 millibus
990 1422 1153 1471 arniffis,
1182 1422 1395 1473 superstites
1417 1422 1589 1474 plerique

309 1487 423 1525 armis
449 1486 607 1535 abjectis
633 1488 694 1526 vix
722 1487 814 1537 fuga
840 1486 1086 1525 servarentur.
1104 1495 1109 1503 ⁸
1126 1486 1188 1525 Ob
1220 1485 1295 1523 hoc
1324 1486 1520 1525 ademtum
1553 1485 1591 1525 ei

313 1561 336 1587 a
364 1549 401 1587 P.
431 1547 578 1587 Rutilio
612 1547 770 1587 consule
800 1548 1005 1598 imperium
1035 1547 1097 1586 est.
1132 1545 1297 1597 reliquiae
1325 1548 1515 1585 exercitus
1545 1546 1590 1585 iis

312 1611 457 1660 copiis,
481 1623 572 1660 quas
601 1611 642 1649 C.
671 1610 817 1651 Marius
847 1610 1268 1659 ducebat‚‘adjunc‘tae.
1302 1610 1376 1650 Sed
1401 1611 1435 1649 δε
1465 1607 1588 1657 Nola,

313 1670 541 1710 nobilissima
576 1671 794 1721 Campaniae
831 1670 1006 1719 colonia,
1043 1684 1125 1720 quae
1158 1672 1239 1710 vim
1271 1670 1515 1718 Hannibalis,
1553 1673 1590 1710 Sc

315 1732 422 1772 illam
454 1732 585 1772 Punici
624 1732 713 1771 belli
748 1733 1011 1782 tempestatem
1041 1732 1253 1783 spreverat,
1287 1733 1327 1771 in
1360 1732 1590 1773 Samnitium

313 1807 449 1833 manus
480 1794 640 1842 incidit,
670 1794 806 1844 quibus
835 1795 876 1834 C.
903 1795 1037 1844 Papius
1067 1803 1237 1845 praeerat.

366 1864 497 1905 XXV.
516 1864 575 1912 Is,
592 1876 681 1902 cum
704 1863 851 1902 suarum
877 1863 1042 1913 partium
1068 1862 1288 1903 hominibus
1312 1877 1351 1902 re
1377 1863 1594 1903 communi-

317 1936 424 1975 cata,
445 1928 558 1967 facile
580 1928 713 1977 irrupit
738 1927 928 1977 proditam
957 1927 1106 1966 urbem.
1137 1927 1222 1966 Duo
1251 1927 1370 1966 millia
1395 1929 1594 1967 Romano·

314 2002 397 2028 rum
420 1990 459 2027 in
484 1989 654 2039 praesidio
682 2001 769 2027 cum
796 1988 835 2028 L.
860 1988 1051 2027 Postumio
1073 1998 1231 2038 praetore
1253 1998 1380 2029 erant:
1406 1991 1518 2029 etiam
1542 1989 1593 2029 ad

312 2051 555 2090 relistendum
593 2049 752 2090 Nolanis
797 2050 920 2100 impar
953 2062 1112 2097 manus,
1152 2050 1301 2088 'nedum
1334 2050 1378 2089 ut
1410 2050 1594 2100 superve-

314 2114 485 2152 nientem
513 2120 714 2152 externum
742 2112 920 2151 sustinere
954 2111 1100 2150 hostem
1137 2111 1269 2162 posset.
1305 2112 1456 2152 Idcirco
1486 2111 1592 2151 haud

317 2177 504 2227 gravatim
537 2183 770 2226 acceperunt
807 2175 1097 2222 conditionem,
1133 2182 1176 2213 ut
1215 2175 1342 2225 postea
1376 2174 1443 2213 sub
1473 2174 1588 2224 Papio

317 2236 535 2275 militarent.
569 2236 663 2276 Haec
688 2236 798 2274 venia
827 2236 1011 2275 militibus
1041 2236 1154 2275 data:
1195 2236 1311 2274 duces
1340 2234 1594 2285 comprehen-

320 2297 344 2337 fi
360 2327 370 2345 ‚
389 2299 452 2343 ὁὶ,
477 2310 526 2337 ne
554 2297 645 2337 belli
668 2297 824 2348 quidem
852 2311 959 2337 more
981 2296 1148 2346 servam,
1166 2297 1292 2337 inedia
1314 2297 1440 2336 necati
1463 2295 1566 2334 sunt.

368 2427 389 2471 ς
414 2427 522 2461 XXII.
547 2429 622 2472 App
626 2430 692 2462 ian.
715 2431 830 2463 Front.
856 2429 934 2462 Liv.
959 2439 1018 2472 33,
1039 2440 1092 2473 37.
1115 2429 1267 2463 Macrob.
1288 2439 1328 2471 1,
1343 2438 1398 2462 21.
1421 2427 1443 2471 §
1465 2424 1594 2461 XXIV.

320 2472 466 2517 Appian.
491 2473 646 2517 §XXV.
671 2473 746 2507 Liv.
774 2474 863 2518 Epit-
884 2474 1030 2518 Appian-
