1638 2937
278 156 354 204 IN
393 155 557 202 LOC.
591 154 720 200 LIB.
759 152 846 198 XC
888 152 1024 200 LIV.
1227 150 1324 215 319ἀ

89 264 244 307 XXIX.
277 265 352 304 Sed
383 262 447 302 ille
478 262 526 301 ad
545 262 664 300 Anam
686 259 870 304 fluvium,
903 257 966 306 qui
995 257 1174 297 Baeticam
1198 271 1219 297 a
1246 259 1324 298 [ιτα

36 327 170 367 litania
191 326 338 377 separat
352 355 367 373 ⁷
385 324 433 364 ab
460 321 651 369 Hirtulejo
665 350 676 368 ,
697 319 878 369 quaestore
903 318 1058 357 Sertorii
1075 349 1086 366 ‚
1107 331 1195 357 cum
1214 332 1323 358 exera

37 389 117 426 citu
143 386 336 437 oppress'us
370 384 433 423 est.
474 382 654 430 idemque
702 381 823 418 fatum
865 379 1003 418 eodem
1040 379 1115 418 loci
1150 380 1322 430 legatum

35 447 188 488 Metelli
209 446 397 498 Thorium
416 441 681 493 deprehendit.
706 441 857 480 Deinde
872 470 882 488 ,
906 440 996 490 quia
1018 447 1126 478 tanto
1146 439 1240 479 hosti
1264 454 1321 479 re-

39 508 159 546 sistere
188 520 244 545 res
282 507 457 546 Romana
485 515 562 541 uno
591 502 818 552 imperatore
845 513 926 539 non
957 509 1132 551 poterat,
1165 501 1206 541 L.
1233 502 1322 541 Ma-

38 570 134 608 nilio
163 569 327 609 Galliam
359 565 653 607 Narbonensem
681 564 868 603 obtinenti
895 564 1136 614 praecipitur,
1168 571 1209 602 ut
1233 563 1319 613 sup.

35 631 161 684 petias
185 629 345 670 Metello
367 630 408 667 in
428 628 655 678 Hispaniam
680 626 989 677 transgrediatur.
1026 626 1143 666 Hunc
1165 638 1322 675 quoque·

39 704 129 731 cum
155 693 322 742 quinque
345 689 584 740 legionibus,
611 691 646 728 ὃς
670 688 776 727 mille
802 688 1016 737 quingentis
1043 686 1231 736 equitibus
1255 687 1324 725 ad-

37 754 256 794 venientem
278 783 288 801 ,
326 752 430 791 idem
463 750 676 799 Hirtulejus
706 750 756 788 fic
787 749 965 798 excepit,
996 757 1036 785 ut
1067 747 1109 786 L.
1145 745 1323 786 Valerius

35 815 274 856 Praeconinus
292 815 437 865 legatus
451 845 465 863 ,
495 815 662 853 exercitu
680 812 788 863 pulso
802 842 815 858 ,
840 810 1141 857 interficeretu13
1169 807 1210 848 L.
1232 807 1323 848 Ma-

36 878 151 918 nilius
175 877 408 929 proconsul,
435 875 724 926 impedimentis
752 873 916 921 amissis,
943 872 984 911 in
1014 871 1207 923 oppidum
1232 869 1324 910 Iler-

38 941 129 980 dam
156 953 264 991 paene
287 939 389 979 solus
415 939 653 989 confugeret.

92 1003 226 1043 XXX.
251 1002 364 1041 Unde
387 1001 528 1040 viribus
552 1002 587 1040 ἅ
602 1001 705 1039 fama
726 1000 766 1038 in
783 998 865 1037 dies
887 995 1092 1047 augescens
1111 994 1321 1043 Sertorius,

39 1073 85 1104 ut
109 1063 308 1104 consilium
337 1065 372 1102 δε
400 1063 516 1102 decus
541 1062 711 1113 partibus
736 1062 897 1100 adderet
917 1090 928 1108 ,
954 1058 1145 1097 senatores
1167 1069 1215 1095 ex
1235 1069 1324 1106 pro-

36 1123 184 1173 scriptis
203 1123 342 1162 eodem
369 1123 526 1162 nomine
550 1122 717 1171 locoque
747 1121 851 1170 apud
874 1120 911 1159 se
939 1118 1132 1167 habebat,
1163 1117 1324 1157 alleftis-

38 1200 113 1238 que
137 1199 182 1226 ex
204 1189 419 1226 amicorum
445 1185 604 1226 cohorte
629 1182 885 1234 primoribus,
912 1191 955 1220 ut
979 1190 1232 1222 trecentorum
1254 1192 1326 1217 nu..

39 1262 167 1289 merus
192 1249 327 1295 fieret,
354 1247 460 1286 hunc
483 1247 644 1297 senatum
671 1244 916 1296 appellabat:
954 1244 1004 1283 ad
1031 1256 1119 1282 eum
1146 1242 1325 1281 ordinem

41 1311 91 1351 de
128 1310 241 1349 rebus
276 1308 455 1348 omnibus
495 1307 707 1353 referebat,
746 1305 839 1344 hinc
876 1304 1073 1354 quaestores
1107 1302 1327 1352 legatique,

40 1384 156 1422 quam
179 1370 352 1421 proxime
377 1370 544 1420 patrium
573 1382 721 1407 morem
744 1367 983 1406 creabantur.
1012 1366 1113 1405 Nam
1135 1365 1327 1405 Sertorius

40 1444 86 1475 ea
106 1435 289 1474 modestia
314 1435 350 1473 &
373 1433 494 1472 animi
523 1432 790 1482 magnitudine
815 1431 976 1481 agebat,
1002 1437 1068 1478 ut,
1091 1440 1329 1478 quamquam.

41 1495 302 1546 Hispanorum
327 1494 465 1542 armis,
490 1493 738 1544 pecuniisque
767 1495 802 1532 Sc
825 1491 1008 1539 urbibus,
1028 1503 1073 1529 ac
1102 1488 1329 1539 corporibus

40 1567 233 1606 uteretur,
271 1556 377 1596 nulla
402 1565 532 1595 tamen
557 1569 596 1594 re
624 1554 711 1595 laedi
745 1553 988 1594 obliterarive
1012 1552 1181 1592 Romani
1202 1550 1328 1590 nomi-

41 1621 102 1661 nis
127 1620 354 1671 dignitatem
378 1618 524 1658 smeret.

110 1682 266 1722 XXXI.
301 1681 399 1721 Cum
427 1679 509 1719 haec
537 1678 768 1730 agebantur,
803 1678 840 1717 P.
866 1676 1048 1718 Servilius
1080 1687 1172 1725 cum*
1196 1674 1328 1715 Cilici⁴

43 1742 115 1784 bus
129 1743 305 1794 prospere
323 1742 372 1780 ad
386 1740 598 1788 summum,
614 1740 679 1779 sed
695 1753 774 1778 non
795 1738 871 1777 fine
895 1750 1036 1788 magno
1050 1736 1182 1775 labore
1198 1748 1242 1774 ac
1259 1749 1329 1786 pe·-

42 1804 168 1845 1iculo
189 1804 409 1844 dimicabat.
436 1802 696 1844 Mithridatici
717 1800 807 1840 belli
828 1800 1024 1839 occasione
1048 1799 1178 1850 piratae
1191 1827 1204 1847 ,
1221 1797 1327 1847 quod

43 1867 143 1906 inter
172 1866 323 1906 Cretam
355 1863 595 1916 Cyrenasque
632 1865 667 1903 ἃ
700 1862 887 1911 Achajam
921 1861 1119 1910 sinumque
1153 1857 1325 1899 Maleum

45 1928 100 1967 est
118 1940 242 1976 mare,
265 1926 362 1980 (ipsi
385 1939 406 1965 a
429 1926 644 1976 praedarum
667 1924 838 1964 ubertate
863 1937 1003 1961 aureum
1028 1920 1245 1972 vocabant)
1274 1919 1329 1957 la-

46 1990 216 2030 trociniis
240 1989 413 2028 infestum
435 1987 575 2027 habere
595 1994 817 2037 coeperant,
842 1984 984 2024 Isidoro
1010 1983 1121 2023 duce.
1149 1982 1297 2022 Deinde
1313 2011 1328 2029 ,

47 2053 135 2099 quia
158 2050 404 2090 Mithridates
431 2050 554 2089 Afiam
585 2062 653 2098 pro
684 2046 809 2086 aliena
834 2044 1073 2095 negligebat,
1096 2041 1239 2084 Sullam
1268 2055 1328 2080 ur-

44 2111 156 2152 banae
181 2124 237 2150 res
273 2112 503 2151 revocabant
529 2111 569 2149 in
603 2108 779 2157 Italiam,
813 2107 1040 2157 impunitate
1074 2104 1200 2155 plures
1230 2103 1329 2142 invi-

46 2183 178 2222 tante,
206 2187 363 2212 numero
381 2173 598 2223 viribusque
619 2172 718 2211 aucTti
731 2201 741 2219 ,
759 2170 905 2221 magnis
922 2171 999 2217 jam
1022 2166 1197 2207 claffibus
1217 2166 1327 2205 ober-

45 2237 192 2277 rabant.
232 2237 405 2286 adeoque
433 2235 612 2288 placebat
638 2234 724 2284 ipsis
760 2232 837 2271 hoc
866 2232 952 2270 vitae
987 2241 1136 2280 genus,
1168 2237 1212 2267 ut
1246 2227 1325 2268 hoc

96 2364 119 2405 5
152 2363 276 2395 XXIX.
307 2362 452 2405 Appian.
486 2361 581 2393 civil.
608 2361 632 2392 l.
657 2370 687 2392 1.
721 2357 853 2392 Sallust.
877 2358 966 2391 Plut.
993 2357 1028 2388 in
1057 2357 1184 2389 Sertor.
1211 2367 1241 2390 c.
1269 2362 1325 2393 103

53 2407 130 2441 Liv.
157 2408 247 2451 Epir.
267 2407 353 2440 Flor.
374 2406 489 2448 Pomp.
514 2405 616 2437 Mela.
641 2403 743 2435 Oros.
765 2403 908 2445 Eutrop.
934 2402 955 2446 §
978 2400 1086 2432 XXX.
1110 2401 1198 2437 Flor-
1218 2411 1236 2447 3
1252 2425 1262 2444 ,
1285 2402 1325 2443 ὃς

0 2505 1 2510 1
50 2452 141 2495 Piut.
166 2452 240 2488 Liv.
265 2452 356 2497 Epit.
378 2449 483 2486 Oros.
511 2448 596 2485 Cas.
621 2449 661 2487 de
688 2448 723 2483 Β.
746 2447 790 2483 G.
814 2457 857 2496 3,
879 2458 936 2483 20.
960 2445 1110 2492 Appian.
1323 2446 1326 2448 “
