1638 2937
237 162 325 226 178
394 126 1455 212 JO.FRE1NSHEM113UPPLEM.

291 268 405 309 XIX.
439 267 539 307 Nam
573 270 608 308 δε
635 267 891 318 quadruplum
919 270 1029 318 ejus,
1063 269 1168 319 quod
1193 268 1276 308 aliis
1307 269 1522 320 hospitibus

231 330 409 380 assignari
431 328 705 378 consueverat,
730 331 766 368 ei
794 330 992 368 decretum
1018 330 1088 369 est:
1119 332 1153 370 ἃ
1181 343 1339 369 munera
1358 344 1380 369 e
1402 332 1523 370 talenb

229 392 279 431 tis
307 393 507 442 ostoginta
540 391 675 439 miffa,
710 405 792 442 quae
825 401 953 430 tamen
986 391 1052 430 ille
1081 405 1160 430 non
1193 393 1356 442 accepit.
1397 393 1522 432 Ptolea·

225 467 347 494 maeus
378 462 459 492 tum
492 454 633 493 iterum
666 454 867 504 regnabat,
895 455 1042 493 Lathnri
1073 463 1336 505 cognomento
1365 466 1386 492 a
1411 463 1522 492 cete-

225 515 279 553 ris
308 514 486 567 distingui
518 514 674 555 solitus:
717 527 832 565 quem
867 515 948 564 post
975 514 1097 554 fratris
1129 515 1330 554 Alexandri
1360 527 1520 561 necem,

228 576 479 617 Alexandrini
503 576 552 614 ad
575 583 684 614 vetus
714 587 875 625 regnum
899 588 920 614 e
942 576 1069 627 Cypro
1095 584 1380 615 revocaverant.
1417 577 1518 615 Nam

226 647 391 677 matrem
421 637 671 687 Cleopatram
698 635 931 682 Alexander,
965 635 1222 675 Alexandrum
1244 637 1413 687 AEgyptii
1442 636 1520 676 bel*

227 699 269 739 lo
300 699 485 749 persecuti
513 698 748 738 occiderant.
778 698 914 747 Neque
942 697 1070 737 adhuc
1100 698 1215 749 plane
1238 709 1366 738 motus
1384 712 1518 738 omnes

173 812 176 813 ⁷
226 763 399 803 exstincti
424 770 556 808 erant,
575 774 809 810 quamquam
825 761 1002 809 Thebas,
1023 776 1105 812 quae
1134 764 1383 810 defecerant,
1404 763 1520 802 trien-

224 826 281 865 nii
315 822 416 863 bello
449 822 646 872 recepisset
666 823 919 878 'Ptolemaeum
955 822 1130 874 adeoque
1157 825 1357 876 redegisset
1386 825 1515 865 humi-

226 886 309 935 les,
337 897 378 925 ut
402 887 465 925 vix
496 885 681 924 memoria
711 886 952 935 pristinarum
986 900 1132 938 opum,
1162 888 1298 938 quibus
1324 889 1432 930 nulla
1457 891 1514 929 ci-

228 953 328 991 vitas
354 950 544 1000 copiosior
568 949 668 997 fuit,
701 949 992 1001 relinqueretur.

302 1021 396 1060 XX.
431 1019 552 1069 Igitur
592 1019 685 1058 dum
720 1019 779 1058 his
811 1019 850 1058 in
878 1019 975 1059 locis
1008 1021 1111 1061 varia
1140 1035 1208 1072 per
1240 1022 1521 1073 impedimenta

227 1081 413 1124 Lucullus
438 1083 653 1129 detinetur,
681 1082 722 1121 L.
750 1081 856 1121 Sulla
880 1095 1039 1122 manum
1062 1083 1227 1124 militum
1253 1086 1444 1124 frumenta
1471 1093 1520 1126 ex

226 1145 367 1184 Piraeeo
404 1143 574 1182 Athenas
604 1144 870 1194 portantium,
896 1156 985 1182 cum
1013 1145 1100 1195 ipsis
1129 1146 1280 1185 sarcinis
1305 1147 1521 1198 intercepi-t.

223 1206 379 1255 prodita
408 1206 512 1244 enim
545 1219 589 1244 ea
611 1219 668 1244 res
697 1205 894 1256 glandium
924 1207 1171 1257 inscriptione
1195 1210 1332 1249 fuerat.
1368 1212 1516 1251 Eodem

221 1269 287 1306 die
309 1269 356 1307 ad
380 1267 607 1308 Chalcidem
630 1278 720 1306 cum
740 1268 915 1307 Archelai
937 1268 1051 1307 fratre
1070 1269 1333 1320 Neoptolemo
1355 1270 1520 1310 feliciter

225 1329 453 1368 dimicatum
476 1329 538 1377 est,
564 1328 712 1379 legatus
736 1330 776 1370 L.
796 1330 906 1370 Sullae
930 1328 1150 1379 Munatius,
1171 1331 1276 1370 mille
1300 1333 1517 1383 quingentis

222 1391 413 1430 militibus
438 1391 665 1439 interfectis,
694 1390 891 1441 aliquanto
920 1391 1094 1442 pluribus
1135 1394 1255 1444 captis
1271 1425 1280 1442 ,
1306 1395 1405 1433 duce
1427 1407 1523 1445 quo-

226 1464 303 1502 que
336 1451 502 1490 hostium
542 1451 733 1500 sauciato,
767 1453 933 1503 pretium
969 1467 1095 1505 operae
1136 1455 1242 1494 fecit.
1279 1456 1397 1495 Parvo
1434 1455 1519 1506 post

223 1521 420 1562 tempore,
442 1525 529 1552 cum
551 1514 684 1563 sopitis
716 1515 938 1554 custodibus
960 1517 1103 1556 moenia
1128 1517 1256 1556 Piraeei
1279 1517 1518 1568 negligeren-

225 1584 312 1621 tur,
340 1575 503 1614 Romani
537 1575 701 1625 milites,
719 1576 836 1616 scalas
855 1576 1044 1616 machinis
1068 1579 1309 1629 imponentes
1325 1609 1335 1626 ,
1354 1579 1401 1623 >in
1430 1591 1521 1617 mu-

226 1650 311 1675 rum
335 1637 557 1685 evaserunt,
589 1640 647 1687 ἃ,
671 1652 766 1689 quos
794 1640 961 1690 primum
985 1640 1178 1694 objecerat
1201 1640 1326 1689 casus,
1349 1641 1516 1680 obtrun-

227 1709 376 1739 carunt.

285 1769 399 1808 XXI.
426 1769 599 1809 Excitato
626 1771 724 1808 inter
748 1769 830 1809 haec
852 1770 1047 1818 tumultu,
1070 1770 1203 1821 vigiles
1224 1770 1361 1822 partim
1385 1771 1425 1808 in
1449 1783 1517 1820 op-

225 1830 363 1882 pidum
379 1863 389 1879 ,
409 1832 511 1881 quasi
530 1834 607 1878 jam*
623 1833 742 1881 captis
768 1833 960 1871 moenibus
975 1864 985 1881 ,
1004 1832 1222 1872 desilierunt
1239 1846 1247 1873 :
1273 1832 1336 1872 alii
1365 1832 1512 1882 magnis

224 1896 362 1934 animis
401 1894 751 1942 certaminessfiitm
779 1896 926 1943 hostes,
949 1896 1075 1935 occiso
1091 1926 1102 1944 ,
1126 1898 1189 1946 qui
1216 1909 1281 1935 eos
1319 1894 1515 1942 ducebat,

224 1958 442 2007 praecipites
466 1957 687 2008 abegerunt.
716 1957 804 1996 Hoc
825 1958 976 1996 invitati
997 1957 1165 1996 succeffu
1189 1958 1305 2007 regii,
1321 1969 1400 1995 non
1421 1967 1517 1993 con-

224 2019 323 2056 tenti
346 2019 562 2068 periculum
590 2018 785 2068 repulisse,
817 2019 1060 2068 eruptionem
1087 2019 1285 2064 fecerunt,
1314 2031 1390 2068 quo
1422 2015 1512 2055 loco

226 2079 345 2118 altera
376 2080 638 2119 Romanorum
668 2080 781 2118 turris
818 2080 1051 2118 exaedificata
1075 2079 1209 2118 fuerat.
1244 2076 1515 2116 incendissent-

227 2154 301 2190 que
316 2171 326 2188 ,
353 2142 443 2190 nisi,
472 2142 695 2180 continuato
718 2154 784 2191 per
802 2143 958 2180 noctem
987 2141 1168 2190 diemque
1198 2139 1330 2179 labore
1344 2136 1482 2186 „Sulla
1498 2165 1513 2185 ‚

229 2205 293 2251 qui
327 2216 373 2241 ex
400 2203 526 2242 castris
561 2203 704 2242 auxilio
741 2211 979 2249 accurrerat,
1005 2201 1201 2241 restitisset.
1241 2200 1340 2240 Cum
1369 2197 1512 2239 deinde

227 2263 343 2302 aliam
371 2278 416 2304 ex
439 2265 596 2305 adverso
622 2265 755 2304 turrim
784 2264 990 2304 Archelaus
1015 2263 1221 2311 struxisset,
1248 2263 1313 2302 diu
1337 2275 1386 2301 ex
1411 2259 1513 2304 vici-2

228 2409 419 2496 M'ghsslX·
444 2412 565 2449 EUseb·
592 2412 760 2460 POfPhyt.
785 2413 927 2451 Pausan.
960 2415 982 2460 ς
1015 2412 1093 2449 XX.
1119 2413 1192 2448 Cic.
1218 2411 1321 2448 Aead.
1354 2409 1506 2455 Appiam.

272 2472 298 2497 lt
325 2475 388 2498 KH·
