1638 2937
0 116 3 216 i
245 155 324 201 lN
369 151 538 199 roc,
576 152 707 196 ΜΒ.
750 152 854 197 xci
906 152 1049 197 riv,
1123 142 1126 143 ’
1237 165 1329 213 329

0 217 1 250 i
513 239 517 243 .

0 267 1 283 ³
54 273 135 301 rem
167 259 214 300 ab
247 259 398 300 armatis
430 259 525 299 adiri
550 256 692 297 vetuit:
721 256 892 295 citimam
917 256 1078 296 subinde
1113 268 1178 307 per
1203 254 1330 296 levem

55 330 285 361 armaturam
311 320 414 370 juffit:
439 319 616 359 infestari.
648 319 711 358 Sic
739 318 787 358 ad
809 326 1025 356 extremum
1050 318 1144 357 fides
1167 318 1331 357 adversis

51 382 227 434 partibus
244 382 366 431 facia,
389 381 571 420 tutiorem
594 379 692 426 effe,
720 393 801 429 quae
822 385 902 421 erat
926 381 1130 418 remotior:
1159 379 1334 430 magnus-

54 457 129 495 que
158 457 204 483 eo
231 444 553 493 Pompejanorum
582 453 763 480 numerus
791 439 1016 491 pabuiatum
1047 440 1239 490 profecrus
1269 440 1333 480 est.

53 506 126 546 His
155 519 176 544 a
201 505 365 546 Sertorio
388 503 557 554 triplices
588 502 730 541 infidiae
753 514 821 552 per
855 502 1016 540 idoneos
1042 500 1155 540 saltus
1182 514 1334 551 ponun-

53 578 140 616 tur,
168 567 283 606 miffis
319 567 481 607 Octavio
512 565 685 606 Graecino
721 578 811 605 cum
842 565 978 605 decem
1009 565 1233 604 cohortibus
1253 595 1266 611 ,
1291 566 1334 604 in

54 643 204 669 morem
227 631 489 670 Romanorum
506 629 678 675 armatis,
708 628 921 668 &totidem
943 627 1035 666 levis
1055 637 1258 666 armaturae
1268 627 1338 666 Hi-

54 692 206 742 spanis,
225 691 503 741 Tarquitioque
524 689 645 730 Prisco
670 701 757 728 cum
788 689 940 729 duobus
965 687 1337 736 millibus'equitum.

109 753 252 793 XVIII.
290 752 351 793 Illi
382 753 530 791 strenue
567 752 753 803 imperata
784 751 943 790 faciunt.
975 749 1245 801 explorataque
1279 747 1337 786 io-

56 828 193 855 corum
217 823 351 854 natura
366 843 378 863 ‚
406 815 445 852 in
469 814 595 853 vicina
616 813 704 853 silva
726 814 924 864 praedidtas
943 812 1083 863 ‘copias
1111 812 1228 850 noc'tu
1254 807 1339 847 abs-

57 881 255 928 condunt,
285 879 339 918 ita
378 887 420 917 ut
453 879 492 915 in
525 878 645 928 prima
671 887 776 927 parte
806 877 907 916 leves
936 876 1153 926 Hispanos,
1182 880 1338 924 gentem

56 945 107 982 ad
141 943 241 982 furta
266 940 356 981 belli
381 941 632 991 peridoneum
659 948 866 991 ponerent,
899 939 1014 990 paulo
1038 938 1195 977 interius
1215 935 1339 975 scuta-

58 1015 140 1053 t053
171 1007 212 1044 in
241 1002 490 1043 remotissimo
517 1004 689 1052 equites,
715 1016 762 1042 ne
786 1003 941 1042 fremitu
964 1014 1151 1052 equorum
1181 999 1340 1038 destina-

57 1077 96 1106 ta
120 1066 380 1116 proderentur.
409 1064 584 1114 quievere
601 1076 760 1111 omnes,
782 1063 928 1102 silentio
947 1062 1117 1109 servato,
1139 1063 1179 1100 in
1203 1060 1339 1099 horam

59 1123 327 1167 tertiatn'diei.
357 1139 446 1166 cum
471 1125 611 1165 deinde
636 1126 859 1176 Pompejani
884 1125 1004 1164 [ἵξεαι-ἰ
1031 1124 1246 1176 gravatique
1274 1135 1341 1172 pa-

60 1188 152 1227 bulo
179 1188 227 1227 de
255 1188 377 1227 reditu
404 1187 639 1237 cogitarent,
676 1189 712 1227 &
744 1185 782 1225 hi
809 1199 986 1237 quoque,
1015 1186 1079 1236 qui
1113 1187 1154 1224 in
1182 1183 1341 1223 statione

59 1252 236 1299 fuerant,
271 1251 398 1301 quiete
431 1249 579 1288 invitati
610 1249 658 1296 ad
685 1249 871 1300 pabulum
898 1242 1169 1298 colligendum
1197 1245 1341 1286 dilabe-

58 1304 210 1360 rentum
249 1311 370 1351 emisti
398 1311 564 1361 primum
598 1310 781 1362 Hispani,
811 1310 1014 1350 velocitate
1039 1309 1173 1361 gentili
1209 1311 1248 1348 in
1276 1323 1341 1359 pa-

57 1377 181 1417 lantes
206 1375 480 1423 effunduntur‚
522 1378 558 1415 ἃ
588 1374 867 1415 convulnerant
891 1375 1210 1424 confunduntque
1243 1369 1341 1410 nihil

60 1440 135 1477 tale
160 1438 428 1488 exspectantes.
465 1439 568 1488 prius
598 1438 760 1486 deinde,
789 1451 902 1488 quam
917 1438 1027 1476 reiisti
1049 1437 1106 1475 his
1129 1436 1339 1485 inciperet,

59 1500 196 1540 scutati
228 1511 432 1551 erumpunt
468 1515 489 1540 e
523 1500 639 1549 saltu,
670 1503 705 1541 8(
737 1501 941 1540 redeuntes
966 1502 1007 1539 in
1040 1501 1216 1539 ordinem
1249 1510 1342 1536 con-

59 1565 252 1612 sternant,
279 1572 524 1613 verruntque.
547 1563 784 1616 fugientibus
811 1564 957 1613 equites
982 1561 1162 1608 immiifi,
1187 1569 1272 1600 toto
1295 1573 1343 1599 eo

61 1627 207 1678 spatio,
239 1641 315 1678 quo
345 1629 541 1667 redibatur
575 1629 614 1666 in
650 1628 787 1676 castra,
818 1627 1003 1678 persecuti
1040 1627 1193 1665 cedunt.
1234 1637 1344 1664 cura-

62 1696 155 1728 tum
182 1702 357 1739 quoque,
380 1703 427 1728 ne
455 1691 540 1740 quis
573 1688 767 1740 effugeret.
802 1702 890 1728 narn
926 1687 1103 1739 praemiffi
1134 1700 1201 1738 per
1237 1699 1345 1725 com-

60 1750 206 1800 pendia
244 1750 421 1789 itinerum
455 1751 612 1790 ducenti
649 1751 924 1801 quinquaginta
965 1750 1137 1800 equites,
1177 1761 1271 1799 quos
1304 1750 1346 1787 in

64 1809 169 1850 hunc
197 1810 307 1850 usum
334 1811 500 1861 opperiri
532 1812 648 1850 duces
682 1811 886 1861 jusserant,
912 1818 1117 1861 antequam
1151 1811 1200 1849 ad
1228 1809 1345 1848 castra

63 1870 237 1921 Pompeji
262 1871 546 1922 perveniretur,
562 1872 729 1911 converfi
743 1902 753 1921 ,
773 1880 1021 1911 occurrerunt
1043 1873 1118 1919 eis,
1147 1870 1212 1921 qui
1233 1869 1344 1920 primi

61 1933 252 1983 fugerant.

117 1994 233 2035 XIX.
270 1996 326 2036 Ad
359 1997 468 2045 cujus
495 1996 548 2034 rei
577 1995 724 2035 sensum
758 1997 944 2047 PompeJo
970 1996 1201 2035 immittente
1226 1994 1346 2044 legio-

65 2070 156 2096 nem
185 2070 273 2096 cum
303 2057 418 2098 Laelio
447 2059 484 2097 in
518 2059 731 2109 praesidium
765 2058 943 2107 suorum,
978 2057 1153 2097 subducti
1181 2057 1219 2094 in
1253 2057 1346 2095 dex-

63 2129 167 2158 trum
203 2118 303 2158 latus
337 2119 460 2170 specie
494 2120 713 2159 cedentium
740 2120 910 2170 equites,
942 2132 1036 2158 mox
1066 2118 1268 2157 circumitu
1292 2116 1346 2155 le-

65 2182 220 2231 gionem
243 2180 310 2219 abs
335 2189 441 2232 tergo
464 2180 707 2220 infestarunt:
732 2193 820 2220 cum
841 2183 918 2229 jam
940 2180 1054 2219 etiam
1077 2192 1097 2218 a
1117 2179 1242 2218 fronte
1265 2180 1348 2219 Ser-

67 2244 230 2291 toriani,
260 2244 323 2292 qui
350 2242 594 2293 pabulatores
621 2242 809 2294 persecuti
836 2250 967 2289 erant,
996 2239 1239 2279 incursarent.
1282 2239 1346 2280 Sic

64 2306 165 2356 legio
198 2317 350 2355 quoque
380 2304 476 2343 inter
510 2305 603 2344 duas
631 2305 730 2344 acies
770 2303 934 2342 hostium
972 2314 1061 2342 cum
1099 2300 1225 2352 legato
1257 2298 1347 2339 elisa

68 2367 130 2406 est.
165 2367 214 2406 ad
248 2368 357 2415 cujus
395 2365 579 2406 auxilium
610 2366 795 2416 Pompejo
826 2363 1016 2403 universas
1053 2363 1241 2403 educente
1275 2375 1347 2404 co-

111 2487 134 2532 §
167 2488 276 2520 XVII.
302 2488 415 2521 Front.
445 2489 546 2522 Strat.
570 2499 612 2530 2,
635 2498 663 2527 5.
692 2487 836 2534 Appiam.
859 2486 953 2521 civil.
975 2487 997 2519 1.
1023 2496 1053 2518 1.
1082 2482 1212 2521 Sallust.
