1638 2937
283 163 348 223 84
418 160 1506 210 J0.'FRE1NSHEM11SUPPLEM.·

284 280 325 311 to
352 270 553 322 sperabat,
589 271 612 309 {i
652 271 818 310 vicinam
850 268 919 308 fibi
956 268 1074 308 Asiam
1106 276 1325 317 occuparet.
1361 268 1456 308 Eam
1486 278 1569 307 rem.

281 328 446 382 quoque
461 331 646 371 facturam
673 330 821 369 animos
846 328 988 368 Italicis
1014 328 1145 368 sociis:
1174 337 1289 377 atque
1312 328 1364 366 ita
1385 328 1564 367 diuturno

281 393 386 434 bello
414 394 522 433 atteri
544 393 648 444 poffe
677 392 794 433 Italiae
820 392 937 440 vires,
958 399 999 430 ut
1024 404 1172 441 neque,
1199 391 1222 429 Γ]
1253 390 1375 430 rursus
1401 393 1567 440 conjun-

228 454 231 457 ’
282 465 445 508 gantur,
470 455 582 495 val-de
612 456 682 494 sint
713 455 779 494 sibi
806 455 947 494 futurae
975 453 1254 493 formidabiles.
1289 454 1387 493 Sane
1408 453 1566 494 confilio

280 517 376 557 huic
402 519 556 566 institit,
584 530 814 568 quamquam
847 518 978 556 omnia
1009 516 1124 567 legati
1153 515 1452 566 pollicerentur,
1481 518 1516 555 Sc
1547 529 1569 555 e

277 579 404 620 Ponto
434 579 591 618 facilem
618 580 658 617 in
683 579 889 619 Thraciam
914 567 1116 626 trajectum
1144 577 1414 626 ostenderent3
1446 577 1570 618 Thra-

281 655 344 682 ces
366 656 477 693 porro
505 644 540 682 ἃ
561 641 663 692 ipsos
692 641 836 680 bellum
864 643 1049 681 Romanis
1072 641 1210 679 facere.
1243 640 1380 679 horum
1402 654 1478 690 ope
1499 653 1568 691 per

278 703 556 745 Macedoniam
585 706 620 743 ἃ
645 703 788 742 vicinas
812 703 986 754 regiones
1011 703 1146 753 paucis
1170 702 1307 742 diebus
1331 704 1380 742 ad
1403 702 1564 752 Jonium

277 779 386 805 :mare
407 767 595 816 penetrari
624 766 739 816 poffe.

337 836 479 876 XXII-,2
505 837 639 886 Neque
671 837 737 874 diu
767 838 968 875 cunc‘tatus
993 836 1203 875 exercitum
1229 836 1436 884 conducit,
1461 837 1570 876 Ario·

277 897 485 938 barzanem
503 911 547 937 ac
564 898 820 938 Nicomedem
846 911 973 949 reges,
1002 898 1165 937 alterum
1187 896 1434 947 Cappadocia
1447 926 1459 944 ,
1476 895 1568 935 alte-

276 974 364 1001 tum
389 961 567 1013 Bithynia
596 964 809 1016 eaac‘turua
846 962 919 1000 Sed
938 991 948 1009 ,
973 970 1181 1010 antequam
1210 960 1286 998 hoc
1322 958 1466 997 bellum
1497 971 1568 997 ex-

277 1031 447 1073 ponatur
463 1054 474 1071 ,
498 1037 574 1075 quo
600 1037 715 1075 regna
739 1023 806 1062 ista
819 1023 936 1071 jure,
963 1022 1103 1072 quibus
1129 1020 1269 1059 finibus
1294 1028 1377 1058 tum
1402 1019 1567 1066 fuerint,

282 1083 451 1134 quasque
480 1086 654 1124 nationes
676 1083 864 1134 urbesque
896 1083 1100 1123 habuerint
1127 1082 1374 1133 insigniores,
1404 1080 1569 1120 enarrari

279 1147 448 1197 pretium
475 1148 612 1195 fuerit,
639 1146 905 1187 mithridatica
931 1146 1031 1199 bella
1059 1145 1239 1193 lecturis,
1263 1158 1345 1195 quae
1374 1143 1477 1183 haud
1498 1157 1570 1196 po-

275 1211 457 1250 stremam
481 1211 640 1250 historiae
655 1211 840 1250 Romanae
866 1221 1034 1261 partem,
1056 1208 1156 1249 illius
1174 1209 1331 1260 quidem
1356 1210 1424 1247 aeri
1440 1240 1451 1257 ,
1475 1221 1567 1248 con-

277 1273 453 1312 stituunt.
493 1272 696 1322 Quidquid
719 1283 902 1311 terrarum
928 1271 1045 1322 longo
1069 1273 1193 1310 traCtu
1215 1271 1311 1309 inter
1334 1269 1564 1310 Heracleam

280 1337 323 1374 &
343 1336 652 1385 Trapezuntem,
680 1334 831 1374 nobiles
859 1333 972 1373 urbes
988 1364 998 1382 ,
1021 1333 1158 1373 Euxini
1178 1332 1357 1372 fiuctibus
1384 1332 1568 1385 alluitur,

278 1398 329 1437 ab
346 1411 391 1436 eo
411 1399 504 1437 mari
531 1397 829 1449 appellationem
849 1398 952 1448 apud
975 1405 1120 1436 veteres
1140 1398 1295 1436 nastum
1314 1396 1389 1446 est,
1409 1404 1453 1436 ut
1470 1397 1567 1436 Pon-

281 1468 345 1500 tus
368 1468 581 1501 vocaretur.
602 1494 606 1498 .

337 1531 491 1571 XXIII.
521 1532 677 1582 Propius
703 1530 931 1571 Heracleam
956 1528 1146 1579 Bithyniae
1168 1529 1419 1577 conjunctum
1443 1528 1565 1568 Ponto

277 1603 441 1641 regnum
467 1592 559 1638 fuit,
589 1593 638 1631 ad
659 1586 930 1643 Propontidem
964 1591 1184 1629 defledens.
1206 1592 1255 1629 At
1276 1590 1462 1627 orientem
1487 1602 1568 1627 ver-
1629 1631 1631 1633 ,

280 1655 343 1694 sus
371 1655 619 1706 Cappadocia
644 1656 684 1693 in
717 1655 993 1693 mediterranea
1029 1664 1277 1702 procurrens,
1309 1652 1400 1690 inde
1435 1653 1567 1690 Arme.

277 1717 367 1764 nia,
392 1717 441 1754 ad
471 1716 671 1754 meridiem
703 1716 830 1754 Tauro
854 1722 988 1752 monte
1018 1711 1254 1752 terminatur.
1302 1713 1404 1752 Inter
1429 1713 1567 1762 Bithy-

279 1791 353 1817 nos
383 1785 496 1827 atque
531 1770 779 1826 Cappadoces
809 1776 860 1814 ita
892 1773 1013 1824 sparsa
1048 1783 1128 1812 erat
1161 1773 1328 1822 Galatia,
1351 1781 1393 1812 ut
1427 1774 1474 1812 ab
1504 1774 1567 1812 se-

276 1839 511 1889 ptemtrione
544 1838 709 1878 Pontum
745 1839 780 1877 8:
812 1836 1138 1887 Paphlagoniam,
1169 1836 1309 1889 (Ponti
1348 1836 1450 1875 enim
1478 1848 1563 1885 para

280 1900 395 1938 etiam
423 1899 684 1950 Paphlagonia
710 1910 781 1937 nec
806 1897 966 1937 absurde
992 1897 1136 1936 censeri
1160 1898 1340 1947 potest3)
1359 1911 1380 1936 a
1405 1897 1564 1936 meridie

281 1961 486 2011 Phrygiam
512 1961 824 2012 Lycaoniamque
849 1960 1100 2009 contingeret.
1129 1959 1275 1998 Omnes
1293 1959 1367 1997 istae
1394 1959 1566 2008 regiones

283 2027 325 2065 in
354 2026 498 2065 ditione
527 2025 720 2066 Persarum
750 2025 918 2063 fuerunt.
953 2037 974 2062 a
1005 2022 1145 2072 quibus
1173 2034 1218 2059 ea
1244 2034 1352 2070 parS,
1376 2033 1458 2070 quae
1481 2029 1566 2059 tum

283 2091 542 2129 communiter
573 2089 821 2140 Cappadocia
858 2085 1078 2131 dicebatur,
1101 2085 1141 2123 in
1165 2084 1259 2122 duas
1290 2082 1407 2121 divisa
1435 2083 1566 2133 praefe-

283 2155 407 2193 &uras
420 2185 431 2201 ‚
450 2153 578 2203 postea
598 2153 761 2193 totidem
780 2163 894 2201 regna
911 2150 1083 2200 peperit:
1102 2160 1264 2197 quorum
1280 2147 1441 2185 alterurn
1466 2147 1565 2197 Cap-

280 2215 446 2264 padocia
464 2214 637 2265 proprie,
657 2222 724 2253 aut
751 2226 840 2252 curn
867 2212 1083 2261 adjectione
1110 2209 1356 2260 Cappadocia
1389 2210 1440 2248 ad
1463 2209 1564 2249 Tau-

277 2289 392 2324 rum,
422 2278 615 2315 interdum
654 2279 690 2316 ὃ(
727 2276 870 2326 Magna
902 2274 1172 2325 Cappadocia,
1199 2272 1362 2312 alterum
1395 2272 1562 2319 Pontus,

281 2341 361 2381 {ive
388 2339 630 2391 Cappadocia
658 2340 816 2380 Pontica
839 2339 960 2389 coepit
981 2337 1187 2377 nominari.

341 2461 367 2504 5
391 2460 500 2494 XXII.
528 2461 602 2494 Liv.
625 2461 716 2506 Epit.
738 2458 901 2506 §XXIIL
922 2459 1030 2495 strab.
1052 2429 1081 2493 1.1
1101 2468 1153 2492 12.
1172 2457 1257 2499 Prin.
1274 2455 1313 2498 6,
1337 2465 1372 2500 3.
