<?xml version="1.0" encoding="UTF-8"?>
<!DOCTYPE html PUBLIC "-//W3C//DTD XHTML 1.0 Transitional//EN"
    "http://www.w3.org/TR/xhtml1/DTD/xhtml1-transitional.dtd">
<html xmlns="http://www.w3.org/1999/xhtml" xml:lang="en" lang="en">
 <head>
  <title>
</title>
<meta http-equiv="Content-Type" content="text/html;charset=utf-8" />
  <meta name='ocr-system' content='tesseract 3.04.00' />
  <meta name='ocr-capabilities' content='ocr_page ocr_carea ocr_par ocr_line ocrx_word'/>
</head>
<body>
  <div class='ocr_page' id='page_1' title='image "./historiarumlibri09livyuoft_0035.png"; bbox 0 0 1638 2937; ppageno 0'>
   <div class='ocr_carea' id='block_1_1' title="bbox 233 166 1340 232">
    <p class='ocr_par' dir='ltr' id='par_1_1' title="bbox 233 166 1340 232">
     <span class='ocr_line' id='line_1_1' title="bbox 233 166 1340 232; baseline 0 -16"><span class='ocrx_word' id='word_1_1' title='bbox 233 167 314 216; x_wconf 86' lang='lat' dir='ltr'>1N</span> <span class='ocrx_word' id='word_1_2' title='bbox 359 166 523 214; x_wconf 64' lang='lat' dir='ltr'>roe.</span> <span class='ocrx_word' id='word_1_3' title='bbox 569 166 708 214; x_wconf 60' lang='grc' dir='ltr'>[ΛΒ.</span> <span class='ocrx_word' id='word_1_4' title='bbox 762 168 951 214; x_wconf 76' lang='lat' dir='ltr'>Lxxin</span> <span class='ocrx_word' id='word_1_5' title='bbox 1003 169 1150 216; x_wconf 71' lang='lat' dir='ltr'>mv,</span> <span class='ocrx_word' id='word_1_6' title='bbox 1275 185 1340 232; x_wconf 84' lang='lat'>27</span> 
     </span>
    </p>
   </div>
   <div class='ocr_carea' id='block_1_2' title="bbox 55 267 1354 1505">
    <p class='ocr_par' dir='ltr' id='par_1_2' title="bbox 55 267 1349 576">
     <span class='ocr_line' id='line_1_2' title="bbox 108 267 1341 326; baseline -0.002 -8"><span class='ocrx_word' id='word_1_7' title='bbox 108 277 222 318; x_wconf 85' lang='lat' dir='ltr'><strong>XIX.</strong></span> <span class='ocrx_word' id='word_1_8' title='bbox 259 277 351 316; x_wconf 83' lang='lat' dir='ltr'>Haec</span> <span class='ocrx_word' id='word_1_9' title='bbox 379 274 603 326; x_wconf 81' lang='lat' dir='ltr'>disceptatio</span> <span class='ocrx_word' id='word_1_10' title='bbox 630 287 720 313; x_wconf 88' lang='lat' dir='ltr'>cum</span> <span class='ocrx_word' id='word_1_11' title='bbox 751 274 987 325; x_wconf 82' lang='lat' dir='ltr'>aliquamdiu</span> <span class='ocrx_word' id='word_1_12' title='bbox 1012 267 1216 323; x_wconf 77' lang='lat' dir='ltr'>tenuisset,</span> <span class='ocrx_word' id='word_1_13' title='bbox 1247 284 1341 315; x_wconf 83' lang='lat' dir='ltr'>tan-</span> 
     </span>
     <span class='ocr_line' id='line_1_3' title="bbox 58 336 1343 388; baseline -0.001 -8"><span class='ocrx_word' id='word_1_14' title='bbox 58 340 149 380; x_wconf 80' lang='lat' dir='ltr'>dem</span> <span class='ocrx_word' id='word_1_15' title='bbox 174 339 343 379; x_wconf 86' lang='lat' dir='ltr'>melioris</span> <span class='ocrx_word' id='word_1_16' title='bbox 362 338 475 388; x_wconf 84' lang='lat' dir='ltr'>partis</span> <span class='ocrx_word' id='word_1_17' title='bbox 499 338 680 386; x_wconf 63' lang='lat' dir='ltr'>victoria,</span> <span class='ocrx_word' id='word_1_18' title='bbox 704 336 835 377; x_wconf 86' lang='lat' dir='ltr'>saltem</span> <span class='ocrx_word' id='word_1_19' title='bbox 860 339 901 376; x_wconf 89' lang='lat' dir='ltr'>in</span> <span class='ocrx_word' id='word_1_20' title='bbox 917 346 1069 387; x_wconf 88' lang='lat' dir='ltr'>tempus</span> <span class='ocrx_word' id='word_1_21' title='bbox 1097 338 1343 379; x_wconf 77' lang='lat' dir='ltr'>neceffariam</span> 
     </span>
     <span class='ocr_line' id='line_1_4' title="bbox 56 399 1347 451; baseline -0.002 -8"><span class='ocrx_word' id='word_1_22' title='bbox 56 403 157 443; x_wconf 80' lang='lat' dir='ltr'>feffae</span> <span class='ocrx_word' id='word_1_23' title='bbox 183 402 325 442; x_wconf 83' lang='lat' dir='ltr'>civitati</span> <span class='ocrx_word' id='word_1_24' title='bbox 341 399 698 451; x_wconf 83' lang='lat' dir='ltr'>quietempraebuit.</span> <span class='ocrx_word' id='word_1_25' title='bbox 717 400 866 440; x_wconf 84' lang='lat' dir='ltr'><strong>Interea</strong></span> <span class='ocrx_word' id='word_1_26' title='bbox 879 401 971 440; x_wconf 87' lang='lat' dir='ltr'>dum</span> <span class='ocrx_word' id='word_1_27' title='bbox 984 400 1120 440; x_wconf 82' lang='lat' dir='ltr'>Romae</span> <span class='ocrx_word' id='word_1_28' title='bbox 1139 400 1220 439; x_wconf 81' lang='lat' dir='ltr'>haec</span> <span class='ocrx_word' id='word_1_29' title='bbox 1235 402 1347 449; x_wconf 76' lang='lat' dir='ltr'>fiunt,</span> 
     </span>
     <span class='ocr_line' id='line_1_5' title="bbox 59 461 1348 513; baseline -0.002 -10"><span class='ocrx_word' id='word_1_30' title='bbox 59 466 97 503; x_wconf 70' lang='grc' dir='ltr'>ἃ</span> <span class='ocrx_word' id='word_1_31' title='bbox 121 464 161 501; x_wconf 88' lang='lat' dir='ltr'>in</span> <span class='ocrx_word' id='word_1_32' title='bbox 184 463 315 503; x_wconf 78' lang='lat' dir='ltr'>Marfis</span> <span class='ocrx_word' id='word_1_33' title='bbox 338 475 361 501; x_wconf 77' lang='lat' dir='ltr'>a</span> <span class='ocrx_word' id='word_1_34' title='bbox 380 462 418 501; x_wconf 91' lang='lat' dir='ltr'>P.</span> <span class='ocrx_word' id='word_1_35' title='bbox 440 462 586 501; x_wconf 83' lang='lat' dir='ltr'>Rutilio</span> <span class='ocrx_word' id='word_1_36' title='bbox 610 462 721 512; x_wconf 85' lang='lat' dir='ltr'>Lupo</span> <span class='ocrx_word' id='word_1_37' title='bbox 739 461 896 501; x_wconf 89' lang='lat' dir='ltr'>consule</span> <span class='ocrx_word' id='word_1_38' title='bbox 924 475 982 501; x_wconf 86' lang='lat' dir='ltr'>res</span> <span class='ocrx_word' id='word_1_39' title='bbox 1008 475 1088 501; x_wconf 89' lang='lat' dir='ltr'>non</span> <span class='ocrx_word' id='word_1_40' title='bbox 1108 462 1255 512; x_wconf 88' lang='lat' dir='ltr'>optime</span> <span class='ocrx_word' id='word_1_41' title='bbox 1281 476 1348 513; x_wconf 84' lang='lat' dir='ltr'>ge-</span> 
     </span>
     <span class='ocr_line' id='line_1_6' title="bbox 55 524 1349 576; baseline 0 -12"><span class='ocrx_word' id='word_1_42' title='bbox 55 526 177 574; x_wconf 80' lang='lat' dir='ltr'>ritur3</span> <span class='ocrx_word' id='word_1_43' title='bbox 199 540 247 565; x_wconf 90' lang='lat' dir='ltr'>ne</span> <span class='ocrx_word' id='word_1_44' title='bbox 266 527 307 566; x_wconf 85' lang='lat' dir='ltr'>in</span> <span class='ocrx_word' id='word_1_45' title='bbox 335 525 416 564; x_wconf 82' lang='lat' dir='ltr'>aliis</span> <span class='ocrx_word' id='word_1_46' title='bbox 442 525 596 576; x_wconf 88' lang='lat' dir='ltr'>quidem</span> <span class='ocrx_word' id='word_1_47' title='bbox 617 524 737 565; x_wconf 85' lang='lat' dir='ltr'>Italiae</span> <span class='ocrx_word' id='word_1_48' title='bbox 764 526 961 576; x_wconf 82' lang='lat' dir='ltr'>partibus,</span> <span class='ocrx_word' id='word_1_49' title='bbox 991 524 1249 575; x_wconf 87' lang='lat' dir='ltr'>prosperiores</span> <span class='ocrx_word' id='word_1_50' title='bbox 1268 526 1349 565; x_wconf 81' lang='lat' dir='ltr'>Ro-</span> 
     </span>
    </p>

    <p class='ocr_par' dir='ltr' id='par_1_3' title="bbox 56 587 1349 883">
     <span class='ocr_line' id='line_1_7' title="bbox 56 587 1349 638; baseline 0 -12"><span class='ocrx_word' id='word_1_51' title='bbox 56 600 261 626; x_wconf 80' lang='lat' dir='ltr'>manorum</span> <span class='ocrx_word' id='word_1_52' title='bbox 294 588 437 626; x_wconf 88' lang='lat' dir='ltr'>ducum</span> <span class='ocrx_word' id='word_1_53' title='bbox 470 587 738 637; x_wconf 78' lang='lat' dir='ltr'>expeditiones</span> <span class='ocrx_word' id='word_1_54' title='bbox 773 587 943 626; x_wconf 80' lang='lat' dir='ltr'>fuerunt.</span> <span class='ocrx_word' id='word_1_55' title='bbox 993 587 1061 627; x_wconf 90' lang='lat' dir='ltr'>Cn.</span> <span class='ocrx_word' id='word_1_56' title='bbox 1088 588 1349 638; x_wconf 84' lang='lat' dir='ltr'>Pompejum,</span> 
     </span>
     <span class='ocr_line' id='line_1_8' title="bbox 57 647 1346 698; baseline 0.002 -13"><span class='ocrx_word' id='word_1_57' title='bbox 57 660 292 698; x_wconf 75' lang='lat' dir='ltr'>quamquam</span> <span class='ocrx_word' id='word_1_58' title='bbox 329 647 500 698; x_wconf 86' lang='lat' dir='ltr'>repulsus</span> <span class='ocrx_word' id='word_1_59' title='bbox 529 648 576 686; x_wconf 82' lang='lat' dir='ltr'>ab</span> <span class='ocrx_word' id='word_1_60' title='bbox 613 647 750 687; x_wconf 84' lang='lat' dir='ltr'>Asculo</span> <span class='ocrx_word' id='word_1_61' title='bbox 787 647 936 696; x_wconf 85' lang='lat' dir='ltr'>fuerat,</span> <span class='ocrx_word' id='word_1_62' title='bbox 972 648 1102 687; x_wconf 84' lang='lat' dir='ltr'>adhuc</span> <span class='ocrx_word' id='word_1_63' title='bbox 1134 649 1174 686; x_wconf 86' lang='lat' dir='ltr'>in</span> <span class='ocrx_word' id='word_1_64' title='bbox 1207 649 1346 688; x_wconf 85' lang='lat' dir='ltr'>Piceno</span> 
     </span>
     <span class='ocr_line' id='line_1_9' title="bbox 58 709 1349 760; baseline 0.001 -13"><span class='ocrx_word' id='word_1_65' title='bbox 58 718 236 759; x_wconf 76' lang='lat' dir='ltr'>agentem</span> <span class='ocrx_word' id='word_1_66' title='bbox 252 740 263 758; x_wconf 77' lang='lat'>,</span> <span class='ocrx_word' id='word_1_67' title='bbox 291 711 340 749; x_wconf 87' lang='lat' dir='ltr'>ad</span> <span class='ocrx_word' id='word_1_68' title='bbox 367 711 541 750; x_wconf 82' lang='lat' dir='ltr'>Tennam</span> <span class='ocrx_word' id='word_1_69' title='bbox 571 710 734 749; x_wconf 83' lang='lat' dir='ltr'>fluvium</span> <span class='ocrx_word' id='word_1_70' title='bbox 758 710 796 748; x_wconf 88' lang='lat' dir='ltr'>in</span> <span class='ocrx_word' id='word_1_71' title='bbox 826 713 925 760; x_wconf 82' lang='lat' dir='ltr'>Agro</span> <span class='ocrx_word' id='word_1_72' title='bbox 946 709 1118 749; x_wconf 82' lang='lat' dir='ltr'>Falerino</span> <span class='ocrx_word' id='word_1_73' title='bbox 1143 719 1216 748; x_wconf 82' lang='lat' dir='ltr'>tres</span> <span class='ocrx_word' id='word_1_74' title='bbox 1238 710 1349 749; x_wconf 72' lang='lat' dir='ltr'>simul</span> 
     </span>
     <span class='ocr_line' id='line_1_10' title="bbox 58 769 1349 821; baseline 0.001 -12"><span class='ocrx_word' id='word_1_75' title='bbox 58 769 229 810; x_wconf 85' lang='lat' dir='ltr'>hostium</span> <span class='ocrx_word' id='word_1_76' title='bbox 261 772 378 811; x_wconf 90' lang='lat' dir='ltr'>duces</span> <span class='ocrx_word' id='word_1_77' title='bbox 394 803 404 821; x_wconf 88' lang='lat'>,</span> <span class='ocrx_word' id='word_1_78' title='bbox 432 772 473 811; x_wconf 92' lang='lat' dir='ltr'>C.</span> <span class='ocrx_word' id='word_1_79' title='bbox 497 771 710 820; x_wconf 72' lang='lat' dir='ltr'>judacilius</span> <span class='ocrx_word' id='word_1_80' title='bbox 727 800 738 819; x_wconf 84' lang='lat'>,</span> <span class='ocrx_word' id='word_1_81' title='bbox 766 771 815 811; x_wconf 88' lang='lat' dir='ltr'>T.</span> <span class='ocrx_word' id='word_1_82' title='bbox 839 771 1015 810; x_wconf 78' lang='lat' dir='ltr'>Afranius</span> <span class='ocrx_word' id='word_1_83' title='bbox 1031 801 1043 820; x_wconf 87' lang='lat'>,</span> <span class='ocrx_word' id='word_1_84' title='bbox 1076 771 1115 811; x_wconf 92' lang='lat' dir='ltr'>P.</span> <span class='ocrx_word' id='word_1_85' title='bbox 1144 771 1349 812; x_wconf 81' lang='lat' dir='ltr'>Ventidius</span> 
     </span>
     <span class='ocr_line' id='line_1_11' title="bbox 59 824 827 883; baseline 0.003 -13"><span class='ocrx_word' id='word_1_86' title='bbox 59 824 277 881; x_wconf 48' lang='lat' dir='ltr'>&#39;conjunctis</span> <span class='ocrx_word' id='word_1_87' title='bbox 307 833 430 883; x_wconf 85' lang='lat' dir='ltr'>copiis</span> <span class='ocrx_word' id='word_1_88' title='bbox 457 833 604 880; x_wconf 76' lang='lat' dir='ltr'>adorti,</span> <span class='ocrx_word' id='word_1_89' title='bbox 630 833 827 872; x_wconf 87' lang='lat' dir='ltr'>fuderunt.</span> 
     </span>
    </p>

    <p class='ocr_par' dir='ltr' id='par_1_4' title="bbox 60 893 1354 1505">
     <span class='ocr_line' id='line_1_12' title="bbox 115 893 1351 946; baseline 0.002 -14"><span class='ocrx_word' id='word_1_90' title='bbox 115 894 209 933; x_wconf 89' lang='lat' dir='ltr'>XX.</span> <span class='ocrx_word' id='word_1_91' title='bbox 241 893 412 933; x_wconf 88' lang='lat' dir='ltr'>Firmum</span> <span class='ocrx_word' id='word_1_92' title='bbox 448 893 600 932; x_wconf 85' lang='lat' dir='ltr'>colonia</span> <span class='ocrx_word' id='word_1_93' title='bbox 627 894 797 943; x_wconf 86' lang='lat' dir='ltr'>receptui</span> <span class='ocrx_word' id='word_1_94' title='bbox 832 893 1070 943; x_wconf 83' lang='lat' dir='ltr'>fugientibus</span> <span class='ocrx_word' id='word_1_95' title='bbox 1101 894 1198 934; x_wconf 86' lang='lat' dir='ltr'>fuit:</span> <span class='ocrx_word' id='word_1_96' title='bbox 1240 895 1351 946; x_wconf 83' lang='lat' dir='ltr'>cujus</span> 
     </span>
     <span class='ocr_line' id='line_1_13' title="bbox 61 953 1352 1006; baseline 0.002 -14"><span class='ocrx_word' id='word_1_97' title='bbox 61 955 257 994; x_wconf 84' lang='lat' dir='ltr'>moenibus</span> <span class='ocrx_word' id='word_1_98' title='bbox 284 967 373 994; x_wconf 87' lang='lat' dir='ltr'>cum</span> <span class='ocrx_word' id='word_1_99' title='bbox 410 955 445 994; x_wconf 83' lang='lat' dir='ltr'>se</span> <span class='ocrx_word' id='word_1_100' title='bbox 474 956 682 1006; x_wconf 71' lang='lat' dir='ltr'>Pompeius</span> <span class='ocrx_word' id='word_1_101' title='bbox 706 953 914 1004; x_wconf 56' lang='lat' dir='ltr'>clausura,</span> <span class='ocrx_word' id='word_1_102' title='bbox 945 955 1162 1003; x_wconf 76' lang='lat' dir='ltr'>Judacilius</span> <span class='ocrx_word' id='word_1_103' title='bbox 1191 958 1227 995; x_wconf 68' lang='grc' dir='ltr'>ἃ</span> <span class='ocrx_word' id='word_1_104' title='bbox 1249 957 1352 995; x_wconf 85' lang='lat' dir='ltr'>Ven-</span> 
     </span>
     <span class='ocr_line' id='line_1_14' title="bbox 61 1017 1352 1066; baseline 0 -11"><span class='ocrx_word' id='word_1_105' title='bbox 61 1017 206 1066; x_wconf 84' lang='lat' dir='ltr'>tidius,</span> <span class='ocrx_word' id='word_1_106' title='bbox 230 1017 364 1058; x_wconf 73' lang='lat' dir='ltr'>relicto</span> <span class='ocrx_word' id='word_1_107' title='bbox 386 1019 435 1057; x_wconf 85' lang='lat' dir='ltr'>ad</span> <span class='ocrx_word' id='word_1_108' title='bbox 460 1019 704 1058; x_wconf 83' lang='lat' dir='ltr'>obfidionem</span> <span class='ocrx_word' id='word_1_109' title='bbox 732 1018 888 1058; x_wconf 82' lang='lat' dir='ltr'>Afranio</span> <span class='ocrx_word' id='word_1_110' title='bbox 904 1048 916 1066; x_wconf 87' lang='lat'>‚</span> <span class='ocrx_word' id='word_1_111' title='bbox 947 1019 988 1057; x_wconf 89' lang='lat' dir='ltr'>in</span> <span class='ocrx_word' id='word_1_112' title='bbox 1012 1018 1157 1058; x_wconf 82' lang='lat' dir='ltr'>diversa</span> <span class='ocrx_word' id='word_1_113' title='bbox 1183 1018 1270 1058; x_wconf 84' lang='lat' dir='ltr'>loca</span> <span class='ocrx_word' id='word_1_114' title='bbox 1295 1021 1352 1059; x_wconf 81' lang='lat' dir='ltr'>di-</span> 
     </span>
     <span class='ocr_line' id='line_1_15' title="bbox 61 1069 1352 1132; baseline 0.002 -16"><span class='ocrx_word' id='word_1_115' title='bbox 61 1078 172 1129; x_wconf 84' lang='lat' dir='ltr'>greffi</span> <span class='ocrx_word' id='word_1_116' title='bbox 205 1078 300 1119; x_wconf 89' lang='lat' dir='ltr'>sunt.</span> <span class='ocrx_word' id='word_1_117' title='bbox 343 1069 521 1130; x_wconf 70' lang='lat' dir='ltr'>Namque</span> <span class='ocrx_word' id='word_1_118' title='bbox 554 1080 783 1130; x_wconf 70' lang='lat' dir='ltr'>Pompeius,</span> <span class='ocrx_word' id='word_1_119' title='bbox 820 1093 1056 1130; x_wconf 73' lang='lat' dir='ltr'>quamquam</span> <span class='ocrx_word' id='word_1_120' title='bbox 1081 1081 1255 1120; x_wconf 65' lang='lat' dir='ltr'>abduetae</span> <span class='ocrx_word' id='word_1_121' title='bbox 1281 1095 1352 1132; x_wconf 83' lang='lat' dir='ltr'>po.</span> 
     </span>
     <span class='ocr_line' id='line_1_16' title="bbox 60 1140 1352 1193; baseline 0.002 -15"><span class='ocrx_word' id='word_1_122' title='bbox 60 1141 178 1179; x_wconf 82' lang='lat' dir='ltr'>tiores</span> <span class='ocrx_word' id='word_1_123' title='bbox 208 1140 374 1180; x_wconf 91' lang='lat' dir='ltr'>hostium</span> <span class='ocrx_word' id='word_1_124' title='bbox 397 1142 518 1192; x_wconf 84' lang='lat' dir='ltr'>copiae</span> <span class='ocrx_word' id='word_1_125' title='bbox 541 1149 671 1190; x_wconf 75' lang='lat' dir='ltr'>erant,</span> <span class='ocrx_word' id='word_1_126' title='bbox 693 1141 781 1181; x_wconf 85' lang='lat' dir='ltr'>satis</span> <span class='ocrx_word' id='word_1_127' title='bbox 801 1140 992 1190; x_wconf 71' lang='lat' dir='ltr'>habebat,</span> <span class='ocrx_word' id='word_1_128' title='bbox 1014 1141 1065 1189; x_wconf 80' lang='lat' dir='ltr'>fi,</span> <span class='ocrx_word' id='word_1_129' title='bbox 1088 1155 1184 1192; x_wconf 87' lang='lat' dir='ltr'>quos</span> <span class='ocrx_word' id='word_1_130' title='bbox 1218 1142 1352 1193; x_wconf 83' lang='lat' dir='ltr'>super-</span> 
     </span>
     <span class='ocr_line' id='line_1_17' title="bbox 60 1200 1352 1255; baseline 0.002 -14"><span class='ocrx_word' id='word_1_131' title='bbox 60 1201 166 1241; x_wconf 77' lang='lat' dir='ltr'>stites</span> <span class='ocrx_word' id='word_1_132' title='bbox 189 1202 254 1242; x_wconf 84' lang='lat' dir='ltr'>fibi</span> <span class='ocrx_word' id='word_1_133' title='bbox 271 1203 392 1243; x_wconf 83' lang='lat' dir='ltr'>caedes</span> <span class='ocrx_word' id='word_1_134' title='bbox 414 1200 583 1255; x_wconf 82' lang='lat' dir='ltr'>fugaque</span> <span class='ocrx_word' id='word_1_135' title='bbox 606 1204 748 1243; x_wconf 71' lang='lat' dir='ltr'>fecerat</span> <span class='ocrx_word' id='word_1_136' title='bbox 762 1235 773 1253; x_wconf 93' lang='lat'>‚</span> <span class='ocrx_word' id='word_1_137' title='bbox 795 1217 939 1243; x_wconf 82' lang='lat' dir='ltr'>armare</span> <span class='ocrx_word' id='word_1_138' title='bbox 964 1205 1125 1253; x_wconf 82' lang='lat' dir='ltr'>iterum,</span> <span class='ocrx_word' id='word_1_139' title='bbox 1144 1207 1180 1245; x_wconf 67' lang='grc' dir='ltr'>δε</span> <span class='ocrx_word' id='word_1_140' title='bbox 1197 1236 1208 1252; x_wconf 82' lang='lat'>‚</span> <span class='ocrx_word' id='word_1_141' title='bbox 1222 1205 1352 1244; x_wconf 85' lang='lat' dir='ltr'>donec</span> 
     </span>
     <span class='ocr_line' id='line_1_18' title="bbox 61 1259 1351 1317; baseline 0.003 -16"><span class='ocrx_word' id='word_1_142' title='bbox 61 1269 181 1302; x_wconf 82' lang='lat' dir='ltr'>terror</span> <span class='ocrx_word' id='word_1_143' title='bbox 209 1261 463 1315; x_wconf 64' lang='lat' dir='ltr'>abscessisset,</span> <span class='ocrx_word' id='word_1_144' title='bbox 495 1259 703 1305; x_wconf 86' lang='lat' dir='ltr'>defendere</span> <span class='ocrx_word' id='word_1_145' title='bbox 731 1266 975 1305; x_wconf 81' lang='lat' dir='ltr'>munimenta</span> <span class='ocrx_word' id='word_1_146' title='bbox 1005 1267 1141 1317; x_wconf 86' lang='lat' dir='ltr'>oppidi</span> <span class='ocrx_word' id='word_1_147' title='bbox 1167 1266 1298 1317; x_wconf 66' lang='lat' dir='ltr'>posset.</span> <span class='ocrx_word' id='word_1_148' title='bbox 1327 1280 1351 1306; x_wconf 80' lang='lat' dir='ltr'>a</span> 
     </span>
     <span class='ocr_line' id='line_1_19' title="bbox 61 1328 1351 1380; baseline 0.002 -15"><span class='ocrx_word' id='word_1_149' title='bbox 61 1329 271 1378; x_wconf 79' lang='lat' dir='ltr'>pugnando</span> <span class='ocrx_word' id='word_1_150' title='bbox 300 1329 459 1379; x_wconf 87' lang='lat' dir='ltr'>quidem</span> <span class='ocrx_word' id='word_1_151' title='bbox 495 1329 623 1368; x_wconf 87' lang='lat' dir='ltr'>modis</span> <span class='ocrx_word' id='word_1_152' title='bbox 649 1328 831 1380; x_wconf 77' lang='lat' dir='ltr'>omnibus</span> <span class='ocrx_word' id='word_1_153' title='bbox 857 1328 1080 1368; x_wconf 76' lang='lat' dir='ltr'>abstinebat.</span> <span class='ocrx_word' id='word_1_154' title='bbox 1121 1329 1167 1369; x_wconf 88' lang='lat' dir='ltr'>In</span> <span class='ocrx_word' id='word_1_155' title='bbox 1190 1330 1351 1368; x_wconf 81' lang='lat' dir='ltr'>Samnio</span> 
     </span>
     <span class='ocr_line' id='line_1_20' title="bbox 63 1389 1351 1441; baseline 0.003 -14"><span class='ocrx_word' id='word_1_156' title='bbox 63 1389 211 1428; x_wconf 86' lang='lat' dir='ltr'>Vettius</span> <span class='ocrx_word' id='word_1_157' title='bbox 237 1391 332 1430; x_wconf 80' lang='lat' dir='ltr'>Cato</span> <span class='ocrx_word' id='word_1_158' title='bbox 362 1392 404 1432; x_wconf 89' lang='lat' dir='ltr'>L.</span> <span class='ocrx_word' id='word_1_159' title='bbox 428 1392 576 1440; x_wconf 84' lang='lat' dir='ltr'>Julium</span> <span class='ocrx_word' id='word_1_160' title='bbox 610 1391 834 1441; x_wconf 81' lang='lat' dir='ltr'>consulem,</span> <span class='ocrx_word' id='word_1_161' title='bbox 857 1393 959 1432; x_wconf 80' lang='lat' dir='ltr'>caefis</span> <span class='ocrx_word' id='word_1_162' title='bbox 993 1391 1144 1431; x_wconf 85' lang='lat' dir='ltr'>duobus</span> <span class='ocrx_word' id='word_1_163' title='bbox 1179 1390 1351 1431; x_wconf 80' lang='lat' dir='ltr'>millibus</span> 
     </span>
     <span class='ocr_line' id='line_1_21' title="bbox 63 1451 1354 1505; baseline 0.002 -16"><span class='ocrx_word' id='word_1_164' title='bbox 63 1451 256 1502; x_wconf 88' lang='lat' dir='ltr'>militum,</span> <span class='ocrx_word' id='word_1_165' title='bbox 282 1453 489 1494; x_wconf 73' lang='lat' dir='ltr'>IEserniam</span> <span class='ocrx_word' id='word_1_166' title='bbox 515 1454 651 1494; x_wconf 87' lang='lat' dir='ltr'>cedere</span> <span class='ocrx_word' id='word_1_167' title='bbox 676 1454 890 1505; x_wconf 70' lang='lat' dir='ltr'>compulit:</span> <span class='ocrx_word' id='word_1_168' title='bbox 916 1454 959 1494; x_wconf 94' lang='lat' dir='ltr'>L.</span> <span class='ocrx_word' id='word_1_169' title='bbox 985 1453 1114 1504; x_wconf 85' lang='lat' dir='ltr'>Scipio</span> <span class='ocrx_word' id='word_1_170' title='bbox 1143 1455 1179 1492; x_wconf 61' lang='lat' dir='ltr'>Se</span> <span class='ocrx_word' id='word_1_171' title='bbox 1201 1453 1243 1491; x_wconf 93' lang='lat' dir='ltr'>L.</span> <span class='ocrx_word' id='word_1_172' title='bbox 1270 1454 1354 1492; x_wconf 86' lang='lat' dir='ltr'>Aci-</span> 
     </span>
    </p>
   </div>
   <div class='ocr_carea' id='block_1_3' title="bbox 61 1511 1354 1613">
    <p class='ocr_par' dir='ltr' id='par_1_5' title="bbox 61 1511 1354 1613">
     <span class='ocr_line' id='line_1_22' title="bbox 61 1511 1354 1567; baseline 0.005 -17"><span class='ocrx_word' id='word_1_173' title='bbox 61 1511 135 1551; x_wconf 79' lang='lat' dir='ltr'>lius</span> <span class='ocrx_word' id='word_1_174' title='bbox 163 1512 355 1554; x_wconf 88' lang='lat' dir='ltr'>servorum</span> <span class='ocrx_word' id='word_1_175' title='bbox 383 1513 516 1555; x_wconf 85' lang='lat' dir='ltr'>habitu</span> <span class='ocrx_word' id='word_1_176' title='bbox 542 1515 657 1567; x_wconf 77' lang='lat' dir='ltr'>elapsi</span> <span class='ocrx_word' id='word_1_177' title='bbox 689 1515 801 1565; x_wconf 64' lang='lat' dir='ltr'>sunt,</span> <span class='ocrx_word' id='word_1_178' title='bbox 836 1514 990 1556; x_wconf 83' lang='lat' dir='ltr'>colonia</span> <span class='ocrx_word' id='word_1_179' title='bbox 1014 1516 1153 1556; x_wconf 68' lang='lat' dir='ltr'>arc‘tius</span> <span class='ocrx_word' id='word_1_180' title='bbox 1179 1515 1354 1556; x_wconf 79' lang='lat' dir='ltr'>circum-</span> 
     </span>
     <span class='ocr_line' id='line_1_23' title="bbox 63 1573 263 1613; baseline 0 0"><span class='ocrx_word' id='word_1_181' title='bbox 63 1573 169 1613; x_wconf 79' lang='lat' dir='ltr'>sessa.</span> <span class='ocrx_word' id='word_1_182' title='bbox 261 1576 263 1578; x_wconf 78' lang='grc'><strong>’</strong></span> 
     </span>
    </p>
   </div>
   <div class='ocr_carea' id='block_1_4' title="bbox 64 1631 1355 2063">
    <p class='ocr_par' dir='ltr' id='par_1_6' title="bbox 64 1631 1355 2063">
     <span class='ocr_line' id='line_1_24' title="bbox 118 1631 1354 1689; baseline 0.002 -13"><span class='ocrx_word' id='word_1_183' title='bbox 118 1636 232 1677; x_wconf 89' lang='lat' dir='ltr'><strong>XXI.</strong></span> <span class='ocrx_word' id='word_1_184' title='bbox 261 1636 365 1677; x_wconf 87' lang='lat' dir='ltr'>Tum</span> <span class='ocrx_word' id='word_1_185' title='bbox 395 1639 432 1678; x_wconf 81' lang='lat'>&amp;</span> <span class='ocrx_word' id='word_1_186' title='bbox 456 1638 670 1677; x_wconf 80' lang='lat' dir='ltr'>Venafrum</span> <span class='ocrx_word' id='word_1_187' title='bbox 696 1631 738 1677; x_wconf 83' lang='lat' dir='ltr'>in</span> <span class='ocrx_word' id='word_1_188' title='bbox 764 1639 896 1678; x_wconf 78' lang='lat' dir='ltr'>dextra</span> <span class='ocrx_word' id='word_1_189' title='bbox 920 1637 1100 1679; x_wconf 83' lang='lat' dir='ltr'>Vulturni</span> <span class='ocrx_word' id='word_1_190' title='bbox 1133 1639 1214 1689; x_wconf 86' lang='lat' dir='ltr'>ripa</span> <span class='ocrx_word' id='word_1_191' title='bbox 1238 1639 1354 1679; x_wconf 80' lang='lat' dir='ltr'>Cam-</span> 
     </span>
     <span class='ocr_line' id='line_1_25' title="bbox 64 1699 1351 1750; baseline 0.002 -14"><span class='ocrx_word' id='word_1_192' title='bbox 64 1710 213 1749; x_wconf 85' lang='lat' dir='ltr'>panum</span> <span class='ocrx_word' id='word_1_193' title='bbox 237 1699 452 1749; x_wconf 85' lang='lat' dir='ltr'>oppidum,</span> <span class='ocrx_word' id='word_1_194' title='bbox 479 1699 543 1739; x_wconf 89' lang='lat' dir='ltr'>sed</span> <span class='ocrx_word' id='word_1_195' title='bbox 574 1701 744 1738; x_wconf 89' lang='lat' dir='ltr'>vicinum</span> <span class='ocrx_word' id='word_1_196' title='bbox 764 1699 1000 1740; x_wconf 84' lang='lat' dir='ltr'>Samnitibus</span> <span class='ocrx_word' id='word_1_197' title='bbox 1016 1730 1027 1748; x_wconf 84' lang='lat'>‚</span> <span class='ocrx_word' id='word_1_198' title='bbox 1055 1699 1132 1739; x_wconf 91' lang='lat' dir='ltr'>olei</span> <span class='ocrx_word' id='word_1_199' title='bbox 1157 1711 1351 1750; x_wconf 89' lang='lat' dir='ltr'>proventu</span> 
     </span>
     <span class='ocr_line' id='line_1_26' title="bbox 65 1762 1353 1814; baseline 0.003 -14"><span class='ocrx_word' id='word_1_200' title='bbox 65 1773 113 1800; x_wconf 83' lang='lat' dir='ltr'>ac</span> <span class='ocrx_word' id='word_1_201' title='bbox 147 1762 318 1802; x_wconf 79' lang='lat' dir='ltr'>bonitate</span> <span class='ocrx_word' id='word_1_202' title='bbox 344 1763 516 1812; x_wconf 78' lang='lat' dir='ltr'>clarum,</span> <span class='ocrx_word' id='word_1_203' title='bbox 556 1763 702 1803; x_wconf 77' lang='lat' dir='ltr'>Marius</span> <span class='ocrx_word' id='word_1_204' title='bbox 730 1764 911 1814; x_wconf 80' lang='lat' dir='ltr'>Egnatius</span> <span class='ocrx_word' id='word_1_205' title='bbox 942 1764 1163 1814; x_wconf 88' lang='lat' dir='ltr'>proditione</span> <span class='ocrx_word' id='word_1_206' title='bbox 1192 1765 1353 1804; x_wconf 83' lang='lat' dir='ltr'>interce-</span> 
     </span>
     <span class='ocr_line' id='line_1_27' title="bbox 66 1825 1352 1875; baseline 0 -11"><span class='ocrx_word' id='word_1_207' title='bbox 66 1825 146 1875; x_wconf 77' lang='lat' dir='ltr'>pit,</span> <span class='ocrx_word' id='word_1_208' title='bbox 174 1826 321 1870; x_wconf 72' lang='lat' dir='ltr'>duabus</span> <span class='ocrx_word' id='word_1_209' title='bbox 354 1827 408 1865; x_wconf 91' lang='lat' dir='ltr'>ibi</span> <span class='ocrx_word' id='word_1_210' title='bbox 432 1827 615 1867; x_wconf 79' lang='lat' dir='ltr'>Romanis</span> <span class='ocrx_word' id='word_1_211' title='bbox 639 1826 864 1865; x_wconf 88' lang='lat' dir='ltr'>cohortibus</span> <span class='ocrx_word' id='word_1_212' title='bbox 888 1827 1111 1866; x_wconf 67' lang='lat' dir='ltr'>interfectis,</span> <span class='ocrx_word' id='word_1_213' title='bbox 1142 1829 1178 1866; x_wconf 60' lang='grc' dir='ltr'>ὁὶ</span> <span class='ocrx_word' id='word_1_214' title='bbox 1205 1827 1262 1867; x_wconf 86' lang='grc' dir='ltr'>Μ.</span> <span class='ocrx_word' id='word_1_215' title='bbox 1288 1827 1352 1866; x_wconf 92' lang='lat' dir='ltr'>Li-</span> 
     </span>
     <span class='ocr_line' id='line_1_28' title="bbox 67 1888 1355 1940; baseline -0.001 -13"><span class='ocrx_word' id='word_1_216' title='bbox 67 1890 215 1928; x_wconf 89' lang='lat' dir='ltr'>cinium</span> <span class='ocrx_word' id='word_1_217' title='bbox 233 1889 400 1928; x_wconf 77' lang='lat' dir='ltr'>Crassum</span> <span class='ocrx_word' id='word_1_218' title='bbox 424 1890 480 1929; x_wconf 77' lang='lat' dir='ltr'>M.</span> <span class='ocrx_word' id='word_1_219' title='bbox 498 1889 746 1940; x_wconf 85' lang='lat' dir='ltr'>Lamponius,</span> <span class='ocrx_word' id='word_1_220' title='bbox 769 1890 886 1929; x_wconf 85' lang='lat' dir='ltr'>castra</span> <span class='ocrx_word' id='word_1_221' title='bbox 905 1902 1025 1939; x_wconf 85' lang='lat' dir='ltr'>prope</span> <span class='ocrx_word' id='word_1_222' title='bbox 1046 1888 1212 1940; x_wconf 85' lang='lat' dir='ltr'>virgulta</span> <span class='ocrx_word' id='word_1_223' title='bbox 1231 1888 1355 1929; x_wconf 75' lang='lat' dir='ltr'>silvas.</span> 
     </span>
     <span class='ocr_line' id='line_1_29' title="bbox 70 1948 1353 2003; baseline -0.001 -13"><span class='ocrx_word' id='word_1_224' title='bbox 70 1952 146 2002; x_wconf 75' lang='lat' dir='ltr'>&#39;que</span> <span class='ocrx_word' id='word_1_225' title='bbox 165 1951 401 1998; x_wconf 78' lang='lat' dir='ltr'>habentem,</span> <span class='ocrx_word' id='word_1_226' title='bbox 418 1948 606 2001; x_wconf 56' lang='lat' dir='ltr'>incensu,</span> <span class='ocrx_word' id='word_1_227' title='bbox 635 1965 718 2003; x_wconf 86' lang='lat' dir='ltr'>quae</span> <span class='ocrx_word' id='word_1_228' title='bbox 747 1952 929 2002; x_wconf 84' lang='lat' dir='ltr'>contigua</span> <span class='ocrx_word' id='word_1_229' title='bbox 955 1950 1056 1990; x_wconf 80' lang='lat' dir='ltr'>vallo</span> <span class='ocrx_word' id='word_1_230' title='bbox 1085 1961 1218 2000; x_wconf 84' lang='lat' dir='ltr'>erant,</span> <span class='ocrx_word' id='word_1_231' title='bbox 1257 1953 1353 1992; x_wconf 83' lang='lat' dir='ltr'>Gru-</span> 
     </span>
     <span class='ocr_line' id='line_1_30' title="bbox 67 2002 1354 2063; baseline -0.001 -13"><span class='ocrx_word' id='word_1_232' title='bbox 67 2002 243 2051; x_wconf 73' lang='lat' dir='ltr'>mentum</span> <span class='ocrx_word' id='word_1_233' title='bbox 259 2013 471 2051; x_wconf 86' lang='lat' dir='ltr'>concedere</span> <span class='ocrx_word' id='word_1_234' title='bbox 491 2014 646 2063; x_wconf 80' lang='lat' dir='ltr'>coegit:</span> <span class='ocrx_word' id='word_1_235' title='bbox 667 2014 814 2062; x_wconf 84' lang='lat' dir='ltr'>majore</span> <span class='ocrx_word' id='word_1_236' title='bbox 835 2022 966 2051; x_wconf 83' lang='lat' dir='ltr'>tamen</span> <span class='ocrx_word' id='word_1_237' title='bbox 994 2020 1097 2050; x_wconf 87' lang='lat' dir='ltr'>metu</span> <span class='ocrx_word' id='word_1_238' title='bbox 1112 2042 1122 2059; x_wconf 89' lang='lat'><strong>‚</strong></span> <span class='ocrx_word' id='word_1_239' title='bbox 1148 2025 1264 2061; x_wconf 83' lang='lat' dir='ltr'>quam</span> <span class='ocrx_word' id='word_1_240' title='bbox 1287 2012 1354 2049; x_wconf 86' lang='lat' dir='ltr'>de-</span> 
     </span>
    </p>
   </div>
   <div class='ocr_carea' id='block_1_5' title="bbox 67 2073 1354 2184">
    <p class='ocr_par' dir='ltr' id='par_1_7' title="bbox 67 2073 1354 2184">
     <span class='ocr_line' id='line_1_31' title="bbox 67 2073 1354 2128; baseline 0.003 -18"><span class='ocrx_word' id='word_1_241' title='bbox 67 2073 271 2122; x_wconf 88' lang='lat' dir='ltr'>trimento,</span> <span class='ocrx_word' id='word_1_242' title='bbox 302 2087 389 2114; x_wconf 88' lang='lat' dir='ltr'>cum</span> <span class='ocrx_word' id='word_1_243' title='bbox 419 2076 608 2114; x_wconf 81' lang='lat' dir='ltr'>exercitus</span> <span class='ocrx_word' id='word_1_244' title='bbox 637 2078 763 2115; x_wconf 87' lang='lat' dir='ltr'>omnis</span> <span class='ocrx_word' id='word_1_245' title='bbox 786 2076 1028 2128; x_wconf 81' lang='lat' dir='ltr'>periclitatus</span> <span class='ocrx_word' id='word_1_246' title='bbox 1051 2075 1206 2125; x_wconf 73' lang='lat' dir='ltr'>fuisset,</span> <span class='ocrx_word' id='word_1_247' title='bbox 1229 2076 1354 2115; x_wconf 65' lang='lat' dir='ltr'>octin-</span> 
     </span>
     <span class='ocr_line' id='line_1_32' title="bbox 70 2135 763 2184; baseline 0.007 -12"><span class='ocrx_word' id='word_1_248' title='bbox 70 2135 194 2184; x_wconf 83' lang='lat' dir='ltr'>gentis</span> <span class='ocrx_word' id='word_1_249' title='bbox 216 2138 374 2175; x_wconf 87' lang='lat' dir='ltr'>omnino</span> <span class='ocrx_word' id='word_1_250' title='bbox 397 2136 581 2175; x_wconf 85' lang='lat' dir='ltr'>militibus</span> <span class='ocrx_word' id='word_1_251' title='bbox 607 2137 763 2177; x_wconf 82' lang='lat' dir='ltr'>amiffis.</span> 
     </span>
    </p>
   </div>
   <div class='ocr_carea' id='block_1_6' title="bbox 65 2196 1349 2248">
    <p class='ocr_par' dir='ltr' id='par_1_8' title="bbox 65 2196 1349 2248">
     <span class='ocr_line' id='line_1_33' title="bbox 65 2196 1349 2248; baseline 0.002 -13"><span class='ocrx_word' id='word_1_252' title='bbox 65 2220 71 2226; x_wconf 89' lang='lat'><strong>·</strong></span> <span class='ocrx_word' id='word_1_253' title='bbox 125 2196 256 2236; x_wconf 84' lang='lat' dir='ltr'><strong>XXII.</strong></span> <span class='ocrx_word' id='word_1_254' title='bbox 279 2199 476 2248; x_wconf 71' lang='lat' dir='ltr'>Oppidum</span> <span class='ocrx_word' id='word_1_255' title='bbox 503 2199 678 2238; x_wconf 79' lang='lat' dir='ltr'>Lucaniae</span> <span class='ocrx_word' id='word_1_256' title='bbox 707 2200 962 2239; x_wconf 87' lang='lat' dir='ltr'>Grumentum</span> <span class='ocrx_word' id='word_1_257' title='bbox 986 2197 1063 2243; x_wconf 88' lang='lat' dir='ltr'>est,</span> <span class='ocrx_word' id='word_1_258' title='bbox 1086 2197 1191 2246; x_wconf 89' lang='lat' dir='ltr'>quod</span> <span class='ocrx_word' id='word_1_259' title='bbox 1218 2197 1241 2236; x_wconf 86' lang='lat' dir='ltr'>sl</span> <span class='ocrx_word' id='word_1_260' title='bbox 1270 2210 1349 2237; x_wconf 88' lang='lat' dir='ltr'>non</span> 
     </span>
    </p>
   </div>
   <div class='ocr_carea' id='block_1_7' title="bbox 70 2254 1419 2308">
    <p class='ocr_par' dir='ltr' id='par_1_9' title="bbox 70 2254 1419 2308">
     <span class='ocr_line' id='line_1_34' title="bbox 70 2254 1419 2308; baseline 0.001 -15"><span class='ocrx_word' id='word_1_261' title='bbox 70 2256 210 2294; x_wconf 82' lang='lat' dir='ltr'>eodem</span> <span class='ocrx_word' id='word_1_262' title='bbox 235 2264 359 2305; x_wconf 72' lang='lat' dir='ltr'>anno,¹</span> <span class='ocrx_word' id='word_1_263' title='bbox 384 2259 521 2296; x_wconf 88' lang='lat' dir='ltr'>eodem</span> <span class='ocrx_word' id='word_1_264' title='bbox 544 2260 678 2308; x_wconf 88' lang='lat' dir='ltr'>utique</span> <span class='ocrx_word' id='word_1_265' title='bbox 700 2257 802 2297; x_wconf 86' lang='lat' dir='ltr'>bello</span> <span class='ocrx_word' id='word_1_266' title='bbox 831 2260 867 2298; x_wconf 68' lang='lat' dir='ltr'>Sc</span> <span class='ocrx_word' id='word_1_267' title='bbox 895 2254 1071 2297; x_wconf 80' lang='lat' dir='ltr'>amiffum</span> <span class='ocrx_word' id='word_1_268' title='bbox 1093 2254 1119 2303; x_wconf 46' lang='lat' dir='ltr'>[a</span> <span class='ocrx_word' id='word_1_269' title='bbox 1139 2257 1348 2305; x_wconf 80' lang='lat' dir='ltr'>Romanis,</span> <span class='ocrx_word' id='word_1_270' title='bbox 1415 2297 1419 2302; x_wconf 63' lang='grc'><em>,</em></span> 
     </span>
    </p>
   </div>
   <div class='ocr_carea' id='block_1_8' title="bbox 72 2318 1350 2371">
    <p class='ocr_par' dir='ltr' id='par_1_10' title="bbox 72 2318 1350 2371">
     <span class='ocr_line' id='line_1_35' title="bbox 72 2318 1350 2371; baseline 0.001 -13"><span class='ocrx_word' id='word_1_271' title='bbox 72 2318 109 2358; x_wconf 70' lang='grc' dir='ltr'>δε</span> <span class='ocrx_word' id='word_1_272' title='bbox 139 2328 400 2368; x_wconf 84' lang='lat' dir='ltr'>recuperatum</span> <span class='ocrx_word' id='word_1_273' title='bbox 432 2319 494 2358; x_wconf 90' lang='lat' dir='ltr'>est.</span> <span class='ocrx_word' id='word_1_274' title='bbox 525 2321 610 2360; x_wconf 89' lang='lat' dir='ltr'>Nec</span> <span class='ocrx_word' id='word_1_275' title='bbox 634 2320 813 2359; x_wconf 82' lang='lat' dir='ltr'>excidere</span> <span class='ocrx_word' id='word_1_276' title='bbox 845 2320 1040 2360; x_wconf 86' lang='lat' dir='ltr'>memoriae</span> <span class='ocrx_word' id='word_1_277' title='bbox 1067 2319 1182 2359; x_wconf 85' lang='lat' dir='ltr'>debet</span> <span class='ocrx_word' id='word_1_278' title='bbox 1205 2319 1350 2371; x_wconf 81' lang='lat' dir='ltr'>iniigne</span> 
     </span>
    </p>
   </div>
   <div class='ocr_carea' id='block_1_9' title="bbox 117 2432 1348 2480">
    <p class='ocr_par' dir='ltr' id='par_1_11' title="bbox 117 2432 1348 2480">
     <span class='ocr_line' id='line_1_36' title="bbox 117 2432 1348 2480; baseline 0.002 -15"><span class='ocrx_word' id='word_1_279' title='bbox 117 2432 138 2476; x_wconf 82' lang='lat'><strong>§</strong></span> <span class='ocrx_word' id='word_1_280' title='bbox 162 2432 255 2467; x_wconf 87' lang='lat' dir='ltr'><strong>XIX.</strong></span> <span class='ocrx_word' id='word_1_281' title='bbox 294 2433 395 2466; x_wconf 86' lang='lat' dir='ltr'>Oros.</span> <span class='ocrx_word' id='word_1_282' title='bbox 430 2445 464 2476; x_wconf 78' lang='grc' dir='ltr'>ς,</span> <span class='ocrx_word' id='word_1_283' title='bbox 499 2433 551 2466; x_wconf 78' lang='lat'>18.</span> <span class='ocrx_word' id='word_1_284' title='bbox 582 2434 604 2479; x_wconf 77' lang='lat'>§</span> <span class='ocrx_word' id='word_1_285' title='bbox 628 2433 721 2469; x_wconf 89' lang='lat' dir='ltr'><strong>XXI.</strong></span> <span class='ocrx_word' id='word_1_286' title='bbox 745 2432 821 2469; x_wconf 46' lang='lat' dir='ltr'>Liui.</span> <span class='ocrx_word' id='word_1_287' title='bbox 846 2435 937 2480; x_wconf 70' lang='lat' dir='ltr'>Epic.</span> <span class='ocrx_word' id='word_1_288' title='bbox 957 2434 1103 2479; x_wconf 83' lang='lat' dir='ltr'>Appian.</span> <span class='ocrx_word' id='word_1_289' title='bbox 1127 2433 1223 2469; x_wconf 77' lang='lat' dir='ltr'>civil.</span> <span class='ocrx_word' id='word_1_290' title='bbox 1257 2433 1282 2466; x_wconf 85' lang='lat'>1.</span> <span class='ocrx_word' id='word_1_291' title='bbox 1315 2442 1348 2474; x_wconf 76' lang='grc' dir='ltr'>ς.</span> 
     </span>
    </p>
   </div>
   <div class='ocr_carea' id='block_1_10' title="bbox 12 2476 686 2520">
    <p class='ocr_par' dir='ltr' id='par_1_12' title="bbox 12 2476 686 2520">
     <span class='ocr_line' id='line_1_37' title="bbox 12 2476 686 2520; baseline 0.004 -11"><span class='ocrx_word' id='word_1_292' title='bbox 12 2493 15 2495; x_wconf 91' lang='grc'><em>·</em></span> <span class='ocrx_word' id='word_1_293' title='bbox 68 2476 156 2512; x_wconf 77' lang='lat' dir='ltr'>Pun.</span> <span class='ocrx_word' id='word_1_294' title='bbox 188 2489 250 2520; x_wconf 78' lang='grc' dir='ltr'>ις,</span> <span class='ocrx_word' id='word_1_295' title='bbox 275 2490 307 2512; x_wconf 89' lang='lat'>2.</span> <span class='ocrx_word' id='word_1_296' title='bbox 335 2479 450 2512; x_wconf 79' lang='lat' dir='ltr'>Front.</span> <span class='ocrx_word' id='word_1_297' title='bbox 474 2480 577 2512; x_wconf 79' lang='lat' dir='ltr'>Strat.</span> <span class='ocrx_word' id='word_1_298' title='bbox 598 2490 610 2512; x_wconf 81' lang='lat'>2</span> <span class='ocrx_word' id='word_1_299' title='bbox 627 2505 636 2520; x_wconf 90' lang='lat'>,</span> <span class='ocrx_word' id='word_1_300' title='bbox 652 2491 686 2519; x_wconf 75' lang='lat'>4.</span> 
     </span>
    </p>
   </div>
  </div>
 </body>
</html>
