1638 2937
288 197 379 250 370
409 185 490 232 JO.
511 183 729 232 FREINS.
746 181 942 232 SUPPL.
960 181 1023 229 IN
1041 179 1181 230 LOC.
1198 183 1248 229 L.
1265 180 1429 230 XCIV.
1448 174 1561 229 LIV.

286 291 371 339 lus,
397 293 439 332 C.
465 292 608 332 Caffius
634 293 752 332 Varus
768 322 779 339 ‚
803 290 976 329 consules
996 291 1085 330 faeti
1102 321 1113 337 ,
1142 289 1266 340 legem
1285 290 1505 331 Terentiam
1525 290 1561 329 ἃ

287 353 452 394 Caffiam
476 353 763 392 frumentariam
790 351 981 399 tulerunt,
1004 360 1046 390 ut
1075 362 1235 392 annonae
1263 352 1367 392 urbis
1390 351 1566 391 consule-

287 426 402 454 retur.
438 414 565 454 piratis
587 416 689 454 enim
717 415 835 453 maria
865 414 930 453 diu
957 413 1245 461 infestantibus,
1273 413 1421 454 sublato
1451 425 1565 464 gene-

287 475 339 514 ris
365 474 522 514 humani
557 476 818 523 commercio,
845 489 921 515 non
947 477 1065 516 modo
1100 477 1354 527 negotiatores
1388 476 1566 526 navigare

286 537 620 589 prohibebantur3
660 537 722 576 sed
762 550 810 576 ne
845 537 1022 576 claffibus
1054 538 1210 587 quidem
1244 537 1427 576 Romanis
1461 544 1566 575 tutus

287 598 418 638 cursus
437 608 528 637 erat.
553 598 672 648 Igitur
694 598 803 648 plebs
827 599 984 650 penuria
1003 606 1292 637 commeatuum
1314 599 1409 649 saepe
1424 596 1569 637 tumul-

281 661 490 707 tuabatur,
516 673 721 710 curamque
750 661 902 700 Patrum
936 661 1185 708 incendebat,
1213 670 1257 700 ut
1283 663 1414 700 omnia
1445 674 1568 711 expe-³

289 725 445 764 diundae
478 736 638 763 annonae
668 724 837 762 remedia
858 731 1065 775 tentarent.
1098 724 1218 773 Igitur
1248 723 1288 764 L.
1312 725 1500 772 octavio,
1523 724 1566 763 C-

292 785 419 827 Cottae
455 784 677 824 consulibus
707 780 874 835 permisit
899 785 1069 834 senatus,
1103 794 1146 824 ut
1174 785 1251 825 vini
1277 787 1312 825 &
1337 785 1411 825 olei
1448 786 1570 825 decu-

292 861 373 887 mas
386 880 399 895 ,
417 850 452 887 &
478 848 631 898 frugum
655 847 886 886 minutarum
902 877 913 896 ,
932 860 1024 898 quas
1048 848 1247 897 quaestores
1267 848 1306 886 in
1326 847 1454 888 Sicilia
1478 861 1572 887 ven·-

292 908 383 947 dere
407 907 711 955 consueviffent,
736 908 868 948 Romae
896 910 1126 957 venderent3
1149 911 1184 949 δι
1209 922 1304 950 mox
1332 912 1381 960 Q.
1404 910 1571 950 Horten—⁹

291 970 365 1009 ssus
398 971 439 1009 in
461 970 644 1009 aedilitate
674 969 938 1021 sesquimodiis
963 972 1003 1010 in
1022 972 1145 1022 capita
1168 970 1319 1019 divifis,
1344 985 1522 1022 magnam
1547 986 1570 1012 a

291 1032 440 1082 populo
469 1033 647 1072 Romano
677 1033 832 1083 gratiam
870 1034 1005 1074 inivit:
1040 1035 1127 1084 quia
1156 1035 1290 1074 caritas
1319 1048 1479 1074 annonae
1512 1036 1577 1081 fa<

292 1095 446 1143 ciebat,
470 1102 541 1144 ut,
563 1095 667 1146 quod
693 1109 733 1135 re
768 1109 929 1147 parvum
963 1105 1073 1143 erat,
1102 1104 1276 1145 tempore
1299 1107 1481 1146 magnum
1514 1096 1579 1142 vi-;

293 1151 460 1190 deretur>

307 1222 309 1224 ’
372 1210 521 1253 XXVI„
568 1211 718 1253 Deinde
757 1213 814 1254 M.
848 1214 997 1255 Tullius
1032 1216 1168 1256 Cicero
1204 1218 1362 1267 quaestor
1390 1217 1575 1258 frumenti

293 1275 511 1314 maximum
549 1289 752 1316 numerum
790 1288 838 1316 ex
880 1277 1006 1317 Sicilia
1037 1279 1147 1318 misit.
1197 1280 1291 1329 Quae
1323 1282 1451 1321 omnia
1484 1295 1575 1323 cum

295 1344 401 1375 tanta
425 1334 560 1386 populi
581 1336 791 1376 multitudo
814 1336 930 1377 facile
955 1338 1226 1389 absorbuisset,
1254 1354 1325 1380 nec
1353 1342 1441 1381 ideo
1468 1343 1575 1382 diffi-

296 1397 419 1436 cultas
444 1409 604 1436 annonae
632 1397 822 1447 ceffabat;
854 1399 1030 1439 consules
1055 1414 1104 1440 ex
1127 1400 1451 1442 senatusconsulto
1480 1403 1576 1443 tule-

296 1467 409 1505 runt,
429 1469 472 1498 ut
487 1459 721 1498 frumentum
737 1473 757 1498 a
780 1459 917 1500 Siciliae
941 1461 1158 1501 civitatibus
1183 1472 1381 1503 emeretur.
1403 1465 1452 1503 ad
1474 1465 1577 1504 hanc

296 1520 484 1559 frumenti
518 1522 728 1560 emtionem
764 1534 812 1560 ex
844 1522 951 1573 inopi
987 1532 1102 1573 atque
1138 1523 1317 1564 exhausto
1343 1527 1471 1565 aerario
1508 1539 1575 1577 per

297 1581 506 1620 triennium
539 1594 657 1631 prope
693 1582 836 1622 centies
865 1586 901 1623 ἃ
934 1584 1050 1623 vicies
1077 1594 1275 1636 erogatum
1306 1587 1369 1625 est.
1417 1589 1465 1627 At
1493 1586 1577 1628 haec

298 1643 454 1681 modica
477 1643 516 1680 in
539 1642 697 1691 praesens
723 1641 864 1683 auxilia
891 1645 1112 1685 solabantur
1141 1648 1298 1698 potius,
1323 1660 1436 1697 quam
1465 1648 1577 1688 tolle.

296 1702 394 1742 bant
430 1705 660 1753 penuriam:
705 1719 831 1756 neque
867 1716 979 1747 antea
1017 1709 1167 1748 reddita
1203 1708 1288 1747 urbi
1321 1708 1429 1749 solita
1463 1711 1577 1760 copia

298 1773 587 1803 commeatuum
618 1767 693 1815 est,
721 1780 836 1817 quam
873 1770 942 1809 Cn.
971 1770 1146 1821 Pompeji
1172 1770 1310 1810 virtute
1335 1772 1468 1822 piratae
1491 1779 1575 1812 toto

298 1838 397 1865 man
429 1835 657 1868 arcerentur.

344 1949 367 1993 §
394 1950 506 1982 XXV.
541 1950 613 1983 Cic.
643 1952 740 1986 Verr.
773 1965 816 1997 3,
838 1964 883 1998 7,
905 1967 941 1989 21
967 1954 1001 1989 &
1023 1966 1078 1996 70.
1112 1955 1199 1990 idem
1225 1969 1286 2001 pro
1314 1960 1380 2002 leg.
1403 1958 1523 1991 Manil.
1546 1966 1581 1993 c.'

307 1994 637 2084 ἹγθκδεῖρίῗὍΡῑηησ.
663 2008 691 2032 c.
710 1998 764 2060 26.
788 1999 878 2033 flor.
907 2011 945 2045 3,
967 2001 1001 2035 6.
1027 2001 1158 2034 Sallust.
1183 2002 1273 2036 Plut.
1301 2003 1472 2049 §XXVL
1503 2003 1578 2042 cie.
