<?xml version="1.0" encoding="UTF-8"?>
<!DOCTYPE html PUBLIC "-//W3C//DTD XHTML 1.0 Transitional//EN"
    "http://www.w3.org/TR/xhtml1/DTD/xhtml1-transitional.dtd">
<html xmlns="http://www.w3.org/1999/xhtml" xml:lang="en" lang="en">
 <head>
  <title>
</title>
<meta http-equiv="Content-Type" content="text/html;charset=utf-8" />
  <meta name='ocr-system' content='tesseract 3.04.00' />
  <meta name='ocr-capabilities' content='ocr_page ocr_carea ocr_par ocr_line ocrx_word'/>
</head>
<body>
  <div class='ocr_page' id='page_1' title='image "./historiarumlibri09livyuoft_0220.png"; bbox 0 0 1638 2937; ppageno 0'>
   <div class='ocr_carea' id='block_1_1' title="bbox 257 187 1450 252">
    <p class='ocr_par' dir='ltr' id='par_1_1' title="bbox 257 187 1450 252">
     <span class='ocr_line' id='line_1_1' title="bbox 257 187 1450 252; baseline -0.005 1"><span class='ocrx_word' id='word_1_1' title='bbox 257 220 352 252; x_wconf 78' lang='lat'>212</span> <span class='ocrx_word' id='word_1_2' title='bbox 419 187 1450 252; x_wconf 77' lang='lat' dir='ltr'>JO.FRE1NSHEM118UPPLEM.</span> 
     </span>
    </p>
   </div>
   <div class='ocr_carea' id='block_1_2' title="bbox 251 296 1610 2006">
    <p class='ocr_par' dir='ltr' id='par_1_2' title="bbox 251 296 1553 855">
     <span class='ocr_line' id='line_1_2' title="bbox 310 296 1548 360; baseline -0.004 -6"><span class='ocrx_word' id='word_1_3' title='bbox 310 313 396 354; x_wconf 84' lang='lat' dir='ltr'>LX.</span> <span class='ocrx_word' id='word_1_4' title='bbox 428 311 508 353; x_wconf 86' lang='lat' dir='ltr'>Sub</span> <span class='ocrx_word' id='word_1_5' title='bbox 530 310 612 351; x_wconf 85' lang='lat' dir='ltr'>-hoc</span> <span class='ocrx_word' id='word_1_6' title='bbox 647 316 801 360; x_wconf 83' lang='lat' dir='ltr'>tempus</span> <span class='ocrx_word' id='word_1_7' title='bbox 831 320 919 348; x_wconf 91' lang='lat' dir='ltr'>cum</span> <span class='ocrx_word' id='word_1_8' title='bbox 951 308 1086 347; x_wconf 83' lang='lat' dir='ltr'>omnia</span> <span class='ocrx_word' id='word_1_9' title='bbox 1112 307 1153 347; x_wconf 86' lang='lat' dir='ltr'>in</span> <span class='ocrx_word' id='word_1_10' title='bbox 1180 307 1274 347; x_wconf 84' lang='lat' dir='ltr'>urbe</span> <span class='ocrx_word' id='word_1_11' title='bbox 1296 296 1472 359; x_wconf 77' lang='lat' dir='ltr'>incerta,</span> <span class='ocrx_word' id='word_1_12' title='bbox 1510 309 1548 349; x_wconf 68' lang='grc' dir='ltr'>δὲ</span> 
     </span>
     <span class='ocr_line' id='line_1_3' title="bbox 251 369 1548 431; baseline -0.006 -16"><span class='ocrx_word' id='word_1_13' title='bbox 251 387 382 431; x_wconf 66' lang='lat' dir='ltr'>neque</span> <span class='ocrx_word' id='word_1_14' title='bbox 405 374 481 426; x_wconf 85' lang='lat' dir='ltr'>legi</span> <span class='ocrx_word' id='word_1_15' title='bbox 501 373 734 425; x_wconf 75' lang='lat' dir='ltr'>quidquam,</span> <span class='ocrx_word' id='word_1_16' title='bbox 760 383 885 422; x_wconf 86' lang='lat' dir='ltr'>neque</span> <span class='ocrx_word' id='word_1_17' title='bbox 911 371 1009 409; x_wconf 86' lang='lat' dir='ltr'>mori</span> <span class='ocrx_word' id='word_1_18' title='bbox 1036 369 1212 410; x_wconf 63' lang='lat' dir='ltr'>relietum</span> <span class='ocrx_word' id='word_1_19' title='bbox 1238 369 1356 420; x_wconf 75' lang='lat' dir='ltr'>esset3</span> <span class='ocrx_word' id='word_1_20' title='bbox 1384 373 1448 422; x_wconf 89' lang='lat' dir='ltr'>qui</span> <span class='ocrx_word' id='word_1_21' title='bbox 1477 373 1548 412; x_wconf 69' lang='lat' dir='ltr'>do-</span> 
     </span>
     <span class='ocr_line' id='line_1_4' title="bbox 256 434 1549 486; baseline -0.006 -5"><span class='ocrx_word' id='word_1_22' title='bbox 256 439 512 482; x_wconf 75' lang='lat' dir='ltr'>minationem</span> <span class='ocrx_word' id='word_1_23' title='bbox 547 436 801 483; x_wconf 83' lang='lat' dir='ltr'>obtinebant,</span> <span class='ocrx_word' id='word_1_24' title='bbox 843 448 890 473; x_wconf 88' lang='lat' dir='ltr'>eo</span> <span class='ocrx_word' id='word_1_25' title='bbox 916 434 1174 486; x_wconf 50' lang='lat' dir='ltr'>*cogitationes</span> <span class='ocrx_word' id='word_1_26' title='bbox 1218 447 1352 473; x_wconf 86' lang='lat' dir='ltr'>omnes</span> <span class='ocrx_word' id='word_1_27' title='bbox 1383 447 1549 474; x_wconf 91' lang='lat' dir='ltr'>conver-</span> 
     </span>
     <span class='ocr_line' id='line_1_5' title="bbox 256 496 1551 551; baseline -0.005 -8"><span class='ocrx_word' id='word_1_28' title='bbox 256 510 405 551; x_wconf 79' lang='lat' dir='ltr'>terant,</span> <span class='ocrx_word' id='word_1_29' title='bbox 443 511 485 541; x_wconf 92' lang='lat' dir='ltr'>ut</span> <span class='ocrx_word' id='word_1_30' title='bbox 509 501 550 542; x_wconf 92' lang='lat' dir='ltr'>L.</span> <span class='ocrx_word' id='word_1_31' title='bbox 582 498 722 547; x_wconf 70' lang='lat' dir='ltr'>Suliae,</span> <span class='ocrx_word' id='word_1_32' title='bbox 751 511 866 549; x_wconf 87' lang='lat' dir='ltr'>quem</span> <span class='ocrx_word' id='word_1_33' title='bbox 899 497 972 537; x_wconf 85' lang='lat' dir='ltr'>suae</span> <span class='ocrx_word' id='word_1_34' title='bbox 1004 496 1244 548; x_wconf 80' lang='lat' dir='ltr'>publicaeque</span> <span class='ocrx_word' id='word_1_35' title='bbox 1270 498 1325 536; x_wconf 88' lang='lat' dir='ltr'>rei</span> <span class='ocrx_word' id='word_1_36' title='bbox 1358 497 1551 538; x_wconf 87' lang='lat' dir='ltr'>vindicem</span> 
     </span>
     <span class='ocr_line' id='line_1_6' title="bbox 253 557 1550 611; baseline -0.005 -6"><span class='ocrx_word' id='word_1_37' title='bbox 253 564 510 610; x_wconf 81' lang='lat' dir='ltr'>metuebant,</span> <span class='ocrx_word' id='word_1_38' title='bbox 545 562 762 601; x_wconf 70' lang='lat' dir='ltr'>resisterent.</span> <span class='ocrx_word' id='word_1_39' title='bbox 804 557 929 611; x_wconf 81' lang='lat' dir='ltr'>Igitur</span> <span class='ocrx_word' id='word_1_40' title='bbox 957 559 996 600; x_wconf 95' lang='lat' dir='ltr'>L.</span> <span class='ocrx_word' id='word_1_41' title='bbox 1021 559 1141 599; x_wconf 85' lang='lat' dir='ltr'>Cinna</span> <span class='ocrx_word' id='word_1_42' title='bbox 1177 559 1213 598; x_wconf 88' lang='lat' dir='ltr'>se</span> <span class='ocrx_word' id='word_1_43' title='bbox 1241 560 1424 608; x_wconf 85' lang='lat' dir='ltr'>tertium,</span> <span class='ocrx_word' id='word_1_44' title='bbox 1459 572 1550 599; x_wconf 88' lang='lat' dir='ltr'>cum</span> 
     </span>
     <span class='ocr_line' id='line_1_7' title="bbox 256 622 1550 677; baseline -0.005 -9"><span class='ocrx_word' id='word_1_45' title='bbox 256 627 328 668; x_wconf 89' lang='lat' dir='ltr'>Cn.</span> <span class='ocrx_word' id='word_1_46' title='bbox 349 627 499 677; x_wconf 80' lang='lat' dir='ltr'>Papirio</span> <span class='ocrx_word' id='word_1_47' title='bbox 525 623 702 664; x_wconf 79' lang='lat' dir='ltr'>Carbone</span> <span class='ocrx_word' id='word_1_48' title='bbox 718 622 914 662; x_wconf 88' lang='lat' dir='ltr'>consulem</span> <span class='ocrx_word' id='word_1_49' title='bbox 944 623 1024 673; x_wconf 87' lang='lat' dir='ltr'>ipse</span> <span class='ocrx_word' id='word_1_50' title='bbox 1050 623 1152 663; x_wconf 86' lang='lat' dir='ltr'>fecit.</span> <span class='ocrx_word' id='word_1_51' title='bbox 1184 622 1335 662; x_wconf 90' lang='lat' dir='ltr'>Horum</span> <span class='ocrx_word' id='word_1_52' title='bbox 1354 624 1550 674; x_wconf 84' lang='lat' dir='ltr'>impotens</span> 
     </span>
     <span class='ocr_line' id='line_1_8' title="bbox 254 683 1549 742; baseline -0.005 -13"><span class='ocrx_word' id='word_1_53' title='bbox 254 690 426 742; x_wconf 73' lang='lat' dir='ltr'>tyrannis</span> <span class='ocrx_word' id='word_1_54' title='bbox 448 687 546 726; x_wconf 83' lang='lat' dir='ltr'>adeo</span> <span class='ocrx_word' id='word_1_55' title='bbox 572 684 715 724; x_wconf 85' lang='lat' dir='ltr'>multos</span> <span class='ocrx_word' id='word_1_56' title='bbox 735 685 956 736; x_wconf 76' lang='lat' dir='ltr'>principum</span> <span class='ocrx_word' id='word_1_57' title='bbox 978 686 1151 724; x_wconf 88' lang='lat' dir='ltr'>virorum</span> <span class='ocrx_word' id='word_1_58' title='bbox 1178 684 1227 723; x_wconf 87' lang='lat' dir='ltr'>ad</span> <span class='ocrx_word' id='word_1_59' title='bbox 1252 683 1396 724; x_wconf 78' lang='lat' dir='ltr'>Sullam</span> <span class='ocrx_word' id='word_1_60' title='bbox 1427 683 1464 723; x_wconf 89' lang='lat' dir='ltr'>se</span> <span class='ocrx_word' id='word_1_61' title='bbox 1492 694 1549 723; x_wconf 75' lang='lat' dir='ltr'>re-</span> 
     </span>
     <span class='ocr_line' id='line_1_9' title="bbox 253 741 1553 803; baseline -0.005 -12"><span class='ocrx_word' id='word_1_62' title='bbox 253 753 384 803; x_wconf 81' lang='lat' dir='ltr'>cipere</span> <span class='ocrx_word' id='word_1_63' title='bbox 415 750 569 800; x_wconf 81' lang='lat' dir='ltr'>coegit,</span> <span class='ocrx_word' id='word_1_64' title='bbox 607 757 652 787; x_wconf 90' lang='lat' dir='ltr'>ut</span> <span class='ocrx_word' id='word_1_65' title='bbox 686 747 851 799; x_wconf 84' lang='lat' dir='ltr'>amplius</span> <span class='ocrx_word' id='word_1_66' title='bbox 876 747 916 786; x_wconf 91' lang='lat' dir='ltr'>in</span> <span class='ocrx_word' id='word_1_67' title='bbox 950 747 1077 786; x_wconf 83' lang='lat' dir='ltr'>castris</span> <span class='ocrx_word' id='word_1_68' title='bbox 1104 748 1212 796; x_wconf 86' lang='lat' dir='ltr'>ejus,</span> <span class='ocrx_word' id='word_1_69' title='bbox 1253 758 1368 797; x_wconf 85' lang='lat' dir='ltr'>quarn</span> <span class='ocrx_word' id='word_1_70' title='bbox 1395 746 1436 785; x_wconf 91' lang='lat' dir='ltr'>in</span> <span class='ocrx_word' id='word_1_71' title='bbox 1470 741 1553 797; x_wconf 83' lang='lat' dir='ltr'>ipsa</span> 
     </span>
     <span class='ocr_line' id='line_1_10' title="bbox 255 811 788 855; baseline -0.006 0"><span class='ocrx_word' id='word_1_72' title='bbox 255 815 355 855; x_wconf 85' lang='lat' dir='ltr'>urbe</span> <span class='ocrx_word' id='word_1_73' title='bbox 378 813 527 853; x_wconf 83' lang='lat' dir='ltr'>senatus</span> <span class='ocrx_word' id='word_1_74' title='bbox 546 811 658 851; x_wconf 81' lang='lat' dir='ltr'>instar</span> <span class='ocrx_word' id='word_1_75' title='bbox 686 811 788 852; x_wconf 77' lang='lat' dir='ltr'>effer.</span> 
     </span>
    </p>

    <p class='ocr_par' dir='ltr' id='par_1_3' title="bbox 255 879 1610 2006">
     <span class='ocr_line' id='line_1_11' title="bbox 311 879 1551 934; baseline -0.008 -5"><span class='ocrx_word' id='word_1_76' title='bbox 311 887 416 929; x_wconf 76' lang='lat' dir='ltr'>LXI.</span> <span class='ocrx_word' id='word_1_77' title='bbox 449 887 543 927; x_wconf 86' lang='lat' dir='ltr'>Haec</span> <span class='ocrx_word' id='word_1_78' title='bbox 571 886 666 925; x_wconf 85' lang='lat' dir='ltr'>dum</span> <span class='ocrx_word' id='word_1_79' title='bbox 695 884 789 925; x_wconf 83' lang='lat' dir='ltr'>alibi</span> <span class='ocrx_word' id='word_1_80' title='bbox 811 885 934 932; x_wconf 79' lang='lat' dir='ltr'>fiunt,</span> <span class='ocrx_word' id='word_1_81' title='bbox 960 880 1233 934; x_wconf 76' lang='lat' dir='ltr'>proconsulem</span> <span class='ocrx_word' id='word_1_82' title='bbox 1260 881 1349 922; x_wconf 79' lang='lat' dir='ltr'>Asiae</span> <span class='ocrx_word' id='word_1_83' title='bbox 1366 879 1551 921; x_wconf 83' lang='lat' dir='ltr'>Flaccum</span> 
     </span>
     <span class='ocr_line' id='line_1_12' title="bbox 256 939 1552 997; baseline -0.007 -8"><span class='ocrx_word' id='word_1_84' title='bbox 256 948 480 992; x_wconf 80' lang='lat' dir='ltr'>Fimbriana</span> <span class='ocrx_word' id='word_1_85' title='bbox 516 949 677 988; x_wconf 83' lang='lat' dir='ltr'>tandem</span> <span class='ocrx_word' id='word_1_86' title='bbox 709 948 871 987; x_wconf 81' lang='lat' dir='ltr'>audacia</span> <span class='ocrx_word' id='word_1_87' title='bbox 899 946 1061 997; x_wconf 82' lang='lat' dir='ltr'>imperio</span> <span class='ocrx_word' id='word_1_88' title='bbox 1093 946 1249 995; x_wconf 81' lang='lat' dir='ltr'>vitaque</span> <span class='ocrx_word' id='word_1_89' title='bbox 1277 943 1395 983; x_wconf 77' lang='lat' dir='ltr'>exuit.</span> <span class='ocrx_word' id='word_1_90' title='bbox 1437 939 1552 989; x_wconf 79' lang='lat' dir='ltr'>Forte</span> 
     </span>
     <span class='ocr_line' id='line_1_13' title="bbox 260 1003 1610 1063; baseline -0.008 -10"><span class='ocrx_word' id='word_1_91' title='bbox 260 1015 310 1055; x_wconf 89' lang='lat' dir='ltr'>de</span> <span class='ocrx_word' id='word_1_92' title='bbox 341 1011 509 1063; x_wconf 83' lang='lat' dir='ltr'>hospitio</span> <span class='ocrx_word' id='word_1_93' title='bbox 537 1011 709 1062; x_wconf 70' lang='lat' dir='ltr'>quaestori</span> <span class='ocrx_word' id='word_1_94' title='bbox 743 1009 911 1050; x_wconf 88' lang='lat' dir='ltr'>consulis</span> <span class='ocrx_word' id='word_1_95' title='bbox 948 1021 1036 1047; x_wconf 88' lang='lat' dir='ltr'>cum</span> <span class='ocrx_word' id='word_1_96' title='bbox 1072 1007 1198 1059; x_wconf 83' lang='lat' dir='ltr'>legato</span> <span class='ocrx_word' id='word_1_97' title='bbox 1236 1007 1278 1048; x_wconf 88' lang='lat' dir='ltr'>C.</span> <span class='ocrx_word' id='word_1_98' title='bbox 1308 1005 1478 1047; x_wconf 73' lang='lat' dir='ltr'>Fimbria</span> <span class='ocrx_word' id='word_1_99' title='bbox 1503 1003 1552 1043; x_wconf 89' lang='lat' dir='ltr'>lis</span> <span class='ocrx_word' id='word_1_100' title='bbox 1607 1022 1610 1024; x_wconf 97' lang='lat'>·</span> 
     </span>
     <span class='ocr_line' id='line_1_14' title="bbox 257 1068 1552 1123; baseline -0.008 -6"><span class='ocrx_word' id='word_1_101' title='bbox 257 1077 463 1118; x_wconf 83' lang='lat' dir='ltr'>inciderat.</span> <span class='ocrx_word' id='word_1_102' title='bbox 491 1075 653 1116; x_wconf 76' lang='lat' dir='ltr'>Flaccus</span> <span class='ocrx_word' id='word_1_103' title='bbox 672 1073 796 1114; x_wconf 81' lang='lat' dir='ltr'>multa</span> <span class='ocrx_word' id='word_1_104' title='bbox 818 1085 907 1114; x_wconf 83' lang='lat' dir='ltr'>cum</span> <span class='ocrx_word' id='word_1_105' title='bbox 928 1072 1044 1123; x_wconf 85' lang='lat' dir='ltr'>legati</span> <span class='ocrx_word' id='word_1_106' title='bbox 1075 1068 1314 1110; x_wconf 80' lang='lat' dir='ltr'>contumelia</span> <span class='ocrx_word' id='word_1_107' title='bbox 1338 1068 1552 1108; x_wconf 85' lang='lat' dir='ltr'>fecundum</span> 
     </span>
     <span class='ocr_line' id='line_1_15' title="bbox 259 1129 1553 1191; baseline -0.009 -13"><span class='ocrx_word' id='word_1_108' title='bbox 259 1139 486 1191; x_wconf 74' lang='lat' dir='ltr'>quaestorem</span> <span class='ocrx_word' id='word_1_109' title='bbox 528 1137 668 1178; x_wconf 81' lang='lat' dir='ltr'>dedit:</span> <span class='ocrx_word' id='word_1_110' title='bbox 710 1137 851 1176; x_wconf 86' lang='lat' dir='ltr'>deinde</span> <span class='ocrx_word' id='word_1_111' title='bbox 884 1134 1059 1175; x_wconf 83' lang='lat' dir='ltr'>Fimbriae</span> <span class='ocrx_word' id='word_1_112' title='bbox 1093 1132 1295 1172; x_wconf 72' lang='lat' dir='ltr'>discessum</span> <span class='ocrx_word' id='word_1_113' title='bbox 1329 1129 1553 1178; x_wconf 82' lang='lat' dir='ltr'>minitanti,</span> 
     </span>
     <span class='ocr_line' id='line_1_16' title="bbox 255 1192 1557 1256; baseline -0.009 -15"><span class='ocrx_word' id='word_1_114' title='bbox 255 1201 477 1256; x_wconf 78' lang='lat' dir='ltr'>disccfficrum</span> <span class='ocrx_word' id='word_1_115' title='bbox 502 1198 589 1252; x_wconf 70' lang='lat' dir='ltr'>effi,</span> <span class='ocrx_word' id='word_1_116' title='bbox 622 1199 682 1238; x_wconf 71' lang='lat' dir='ltr'>vel</span> <span class='ocrx_word' id='word_1_117' title='bbox 707 1199 856 1237; x_wconf 76' lang='lat' dir='ltr'>invitum</span> <span class='ocrx_word' id='word_1_118' title='bbox 887 1196 1111 1247; x_wconf 84' lang='lat' dir='ltr'>respondit:</span> <span class='ocrx_word' id='word_1_119' title='bbox 1146 1207 1240 1234; x_wconf 71' lang='lat' dir='ltr'>mox</span> <span class='ocrx_word' id='word_1_120' title='bbox 1265 1202 1399 1233; x_wconf 82' lang='lat' dir='ltr'>contra</span> <span class='ocrx_word' id='word_1_121' title='bbox 1426 1192 1557 1231; x_wconf 90' lang='lat' dir='ltr'>convi-</span> 
     </span>
     <span class='ocr_line' id='line_1_17' title="bbox 260 1255 1589 1313; baseline -0.01 -9"><span class='ocrx_word' id='word_1_122' title='bbox 260 1264 381 1304; x_wconf 86' lang='lat' dir='ltr'>cianti</span> <span class='ocrx_word' id='word_1_123' title='bbox 395 1294 407 1313; x_wconf 89' lang='lat'>‚</span> <span class='ocrx_word' id='word_1_124' title='bbox 424 1263 579 1302; x_wconf 80' lang='lat' dir='ltr'>ademta</span> <span class='ocrx_word' id='word_1_125' title='bbox 600 1260 816 1312; x_wconf 77' lang='lat' dir='ltr'>legatione,</span> <span class='ocrx_word' id='word_1_126' title='bbox 838 1257 1088 1298; x_wconf 72' lang='lat' dir='ltr'>successorem</span> <span class='ocrx_word' id='word_1_127' title='bbox 1111 1256 1230 1296; x_wconf 84' lang='lat' dir='ltr'>dedit.</span> <span class='ocrx_word' id='word_1_128' title='bbox 1266 1255 1335 1295; x_wconf 78' lang='lat' dir='ltr'>ilie</span> <span class='ocrx_word' id='word_1_129' title='bbox 1349 1285 1359 1302; x_wconf 56' lang='lat'>2</span> <span class='ocrx_word' id='word_1_130' title='bbox 1378 1264 1554 1304; x_wconf 89' lang='lat' dir='ltr'>tempore</span> <span class='ocrx_word' id='word_1_131' title='bbox 1577 1268 1589 1276; x_wconf 56' lang='lat'><em>„</em></span> 
     </span>
     <span class='ocr_line' id='line_1_18' title="bbox 259 1314 1554 1376; baseline -0.011 -9"><span class='ocrx_word' id='word_1_132' title='bbox 259 1327 460 1368; x_wconf 83' lang='lat' dir='ltr'>observato</span> <span class='ocrx_word' id='word_1_133' title='bbox 475 1358 485 1374; x_wconf 91' lang='lat'>‚</span> <span class='ocrx_word' id='word_1_134' title='bbox 511 1339 588 1376; x_wconf 92' lang='lat' dir='ltr'>quo</span> <span class='ocrx_word' id='word_1_135' title='bbox 615 1320 904 1364; x_wconf 76' lang='lat' dir='ltr'>Chalcedonem</span> <span class='ocrx_word' id='word_1_136' title='bbox 924 1319 1250 1372; x_wconf 83' lang='lat' dir='ltr'>proficiscendum</span> <span class='ocrx_word' id='word_1_137' title='bbox 1272 1318 1397 1356; x_wconf 83' lang='lat' dir='ltr'>fuerat</span> <span class='ocrx_word' id='word_1_138' title='bbox 1412 1346 1422 1363; x_wconf 81' lang='lat'>,</span> <span class='ocrx_word' id='word_1_139' title='bbox 1451 1314 1554 1365; x_wconf 81' lang='lat' dir='ltr'>quafi</span> 
     </span>
     <span class='ocr_line' id='line_1_19' title="bbox 262 1378 1554 1447; baseline -0.011 -16"><span class='ocrx_word' id='word_1_140' title='bbox 262 1390 496 1447; x_wconf 50' lang='lat' dir='ltr'>salutaturus</span> <span class='ocrx_word' id='word_1_141' title='bbox 527 1387 572 1427; x_wconf 82' lang='lat' dir='ltr'>-in</span> <span class='ocrx_word' id='word_1_142' title='bbox 608 1385 767 1426; x_wconf 83' lang='lat' dir='ltr'>disceffu</span> <span class='ocrx_word' id='word_1_143' title='bbox 803 1383 1089 1424; x_wconf 79' lang='lat' dir='ltr'>commilitones</span> <span class='ocrx_word' id='word_1_144' title='bbox 1119 1379 1347 1433; x_wconf 81' lang='lat' dir='ltr'>Byzantium</span> <span class='ocrx_word' id='word_1_145' title='bbox 1386 1378 1554 1418; x_wconf 72' lang='lat' dir='ltr'>divertit,</span> 
     </span>
     <span class='ocr_line' id='line_1_20' title="bbox 259 1440 1558 1500; baseline -0.012 -5"><span class='ocrx_word' id='word_1_146' title='bbox 259 1452 391 1495; x_wconf 79' lang='lat' dir='ltr'>Multa</span> <span class='ocrx_word' id='word_1_147' title='bbox 416 1448 470 1492; x_wconf 82' lang='lat' dir='ltr'>ibi</span> <span class='ocrx_word' id='word_1_148' title='bbox 498 1449 655 1500; x_wconf 89' lang='lat' dir='ltr'>oblique</span> <span class='ocrx_word' id='word_1_149' title='bbox 680 1449 721 1487; x_wconf 91' lang='lat' dir='ltr'>in</span> <span class='ocrx_word' id='word_1_150' title='bbox 752 1447 956 1487; x_wconf 85' lang='lat' dir='ltr'>avaritiam</span> <span class='ocrx_word' id='word_1_151' title='bbox 987 1447 1022 1485; x_wconf 71' lang='lat' dir='ltr'>Sc</span> <span class='ocrx_word' id='word_1_152' title='bbox 1049 1443 1318 1483; x_wconf 81' lang='lat' dir='ltr'>crudelitatem</span> <span class='ocrx_word' id='word_1_153' title='bbox 1343 1440 1473 1484; x_wconf 76' lang='lat' dir='ltr'>Flacci</span> <span class='ocrx_word' id='word_1_154' title='bbox 1499 1441 1558 1490; x_wconf 86' lang='lat' dir='ltr'>ja-</span> 
     </span>
     <span class='ocr_line' id='line_1_21' title="bbox 262 1496 1605 1562; baseline -0.013 -5"><span class='ocrx_word' id='word_1_155' title='bbox 262 1516 376 1558; x_wconf 64' lang='lat' dir='ltr'>&amp;affe</span> <span class='ocrx_word' id='word_1_156' title='bbox 391 1515 564 1562; x_wconf 84' lang='lat' dir='ltr'>constat,</span> <span class='ocrx_word' id='word_1_157' title='bbox 591 1511 801 1558; x_wconf 80' lang='lat' dir='ltr'>militibus,</span> <span class='ocrx_word' id='word_1_158' title='bbox 829 1520 874 1549; x_wconf 81' lang='lat' dir='ltr'>ut</span> <span class='ocrx_word' id='word_1_159' title='bbox 898 1509 966 1550; x_wconf 80' lang='lat' dir='ltr'>fibi</span> <span class='ocrx_word' id='word_1_160' title='bbox 989 1506 1272 1559; x_wconf 82' lang='lat' dir='ltr'>prospicerent,</span> <span class='ocrx_word' id='word_1_161' title='bbox 1296 1517 1362 1556; x_wconf 90' lang='lat' dir='ltr'>per</span> <span class='ocrx_word' id='word_1_162' title='bbox 1388 1502 1556 1554; x_wconf 87' lang='lat' dir='ltr'>speciem</span> <span class='ocrx_word' id='word_1_163' title='bbox 1603 1496 1605 1498; x_wconf 54' lang='grc'>’</span> 
     </span>
     <span class='ocr_line' id='line_1_22' title="bbox 259 1566 1556 1624; baseline -0.013 -4"><span class='ocrx_word' id='word_1_164' title='bbox 259 1572 543 1620; x_wconf 62' lang='lat' dir='ltr'>benevolentiae</span> <span class='ocrx_word' id='word_1_165' title='bbox 564 1575 733 1616; x_wconf 76' lang='lat' dir='ltr'>monitis.</span> <span class='ocrx_word' id='word_1_166' title='bbox 773 1573 947 1621; x_wconf 88' lang='lat' dir='ltr'>Deinde,</span> <span class='ocrx_word' id='word_1_167' title='bbox 973 1571 1174 1624; x_wconf 85' lang='lat' dir='ltr'>postquam</span> <span class='ocrx_word' id='word_1_168' title='bbox 1204 1568 1287 1608; x_wconf 84' lang='lat' dir='ltr'>haec</span> <span class='ocrx_word' id='word_1_169' title='bbox 1320 1568 1369 1607; x_wconf 86' lang='lat' dir='ltr'>ad</span> <span class='ocrx_word' id='word_1_170' title='bbox 1398 1566 1556 1605; x_wconf 85' lang='lat' dir='ltr'>intimos</span> 
     </span>
     <span class='ocr_line' id='line_1_23' title="bbox 262 1625 1556 1687; baseline -0.012 -6"><span class='ocrx_word' id='word_1_171' title='bbox 262 1641 415 1682; x_wconf 82' lang='lat' dir='ltr'>animos</span> <span class='ocrx_word' id='word_1_172' title='bbox 451 1638 635 1686; x_wconf 67' lang='lat' dir='ltr'>demissa,</span> <span class='ocrx_word' id='word_1_173' title='bbox 676 1636 790 1687; x_wconf 84' lang='lat' dir='ltr'>seque</span> <span class='ocrx_word' id='word_1_174' title='bbox 817 1634 858 1674; x_wconf 89' lang='lat' dir='ltr'>in</span> <span class='ocrx_word' id='word_1_175' title='bbox 888 1647 930 1674; x_wconf 81' lang='lat' dir='ltr'>ea</span> <span class='ocrx_word' id='word_1_176' title='bbox 961 1633 1067 1684; x_wconf 82' lang='lat' dir='ltr'>apud</span> <span class='ocrx_word' id='word_1_177' title='bbox 1103 1634 1236 1671; x_wconf 82' lang='lat' dir='ltr'>omne&#39;s</span> <span class='ocrx_word' id='word_1_178' title='bbox 1262 1628 1446 1680; x_wconf 79' lang='lat' dir='ltr'>opinione</span> <span class='ocrx_word' id='word_1_179' title='bbox 1483 1625 1556 1666; x_wconf 77' lang='lat' dir='ltr'>esse</span> 
     </span>
     <span class='ocr_line' id='line_1_24' title="bbox 261 1690 1555 1751; baseline -0.012 -9"><span class='ocrx_word' id='word_1_180' title='bbox 261 1702 402 1750; x_wconf 69' lang='lat' dir='ltr'>sensit,</span> <span class='ocrx_word' id='word_1_181' title='bbox 433 1710 477 1740; x_wconf 83' lang='lat' dir='ltr'>ut</span> <span class='ocrx_word' id='word_1_182' title='bbox 504 1699 726 1751; x_wconf 79' lang='lat' dir='ltr'>pleramque</span> <span class='ocrx_word' id='word_1_183' title='bbox 764 1710 888 1748; x_wconf 83' lang='lat' dir='ltr'>opem</span> <span class='ocrx_word' id='word_1_184' title='bbox 906 1695 1036 1736; x_wconf 84' lang='lat' dir='ltr'>salutis</span> <span class='ocrx_word' id='word_1_185' title='bbox 1072 1694 1112 1733; x_wconf 91' lang='lat' dir='ltr'>in</span> <span class='ocrx_word' id='word_1_186' title='bbox 1152 1695 1236 1742; x_wconf 83' lang='lat' dir='ltr'>ejus</span> <span class='ocrx_word' id='word_1_187' title='bbox 1272 1690 1467 1742; x_wconf 68' lang='lat' dir='ltr'>praesentia</span> <span class='ocrx_word' id='word_1_188' title='bbox 1496 1702 1555 1728; x_wconf 78' lang='lat' dir='ltr'>re·-</span> 
     </span>
     <span class='ocr_line' id='line_1_25' title="bbox 262 1753 1560 1818; baseline -0.012 -14"><span class='ocrx_word' id='word_1_189' title='bbox 262 1771 482 1818; x_wconf 81' lang='lat' dir='ltr'>ponerent3</span> <span class='ocrx_word' id='word_1_190' title='bbox 499 1761 707 1801; x_wconf 85' lang='lat' dir='ltr'>conscenso</span> <span class='ocrx_word' id='word_1_191' title='bbox 728 1758 900 1811; x_wconf 82' lang='lat' dir='ltr'>suggestu</span> <span class='ocrx_word' id='word_1_192' title='bbox 913 1789 923 1806; x_wconf 78' lang='grc'><em>,</em></span> <span class='ocrx_word' id='word_1_193' title='bbox 942 1766 1074 1809; x_wconf 85' lang='lat' dir='ltr'>aperte</span> <span class='ocrx_word' id='word_1_194' title='bbox 1094 1754 1265 1795; x_wconf 86' lang='lat' dir='ltr'>incusare</span> <span class='ocrx_word' id='word_1_195' title='bbox 1280 1753 1464 1794; x_wconf 85' lang='lat' dir='ltr'>Flaccum</span> <span class='ocrx_word' id='word_1_196' title='bbox 1475 1766 1560 1805; x_wconf 82' lang='lat' dir='ltr'>pro-</span> 
     </span>
     <span class='ocr_line' id='line_1_26' title="bbox 261 1809 1561 1876; baseline -0.015 -9"><span class='ocrx_word' id='word_1_197' title='bbox 261 1829 408 1869; x_wconf 81' lang='lat' dir='ltr'>ditionis</span> <span class='ocrx_word' id='word_1_198' title='bbox 433 1825 579 1876; x_wconf 81' lang='lat' dir='ltr'>coepit:</span> <span class='ocrx_word' id='word_1_199' title='bbox 611 1838 713 1876; x_wconf 76' lang='lat' dir='ltr'>neque</span> <span class='ocrx_word' id='word_1_200' title='bbox 743 1822 847 1860; x_wconf 65' lang='lat' dir='ltr'>aliud</span> <span class='ocrx_word' id='word_1_201' title='bbox 879 1819 1022 1859; x_wconf 79' lang='lat' dir='ltr'>immani</span> <span class='ocrx_word' id='word_1_202' title='bbox 1053 1818 1210 1856; x_wconf 76' lang='lat' dir='ltr'>avaritia</span> <span class='ocrx_word' id='word_1_203' title='bbox 1244 1809 1408 1854; x_wconf 71' lang='lat' dir='ltr'>hominem</span> <span class='ocrx_word' id='word_1_204' title='bbox 1434 1825 1561 1865; x_wconf 73' lang='lat' dir='ltr'>agere,</span> 
     </span>
     <span class='ocr_line' id='line_1_27' title="bbox 262 1875 1555 1945; baseline -0.015 -16"><span class='ocrx_word' id='word_1_205' title='bbox 262 1904 370 1945; x_wconf 77' lang='lat' dir='ltr'>quam</span> <span class='ocrx_word' id='word_1_206' title='bbox 391 1900 451 1937; x_wconf 76' lang='lat' dir='ltr'>ut,</span> <span class='ocrx_word' id='word_1_207' title='bbox 472 1898 613 1941; x_wconf 82' lang='lat' dir='ltr'>accepto</span> <span class='ocrx_word' id='word_1_208' title='bbox 632 1901 655 1924; x_wconf 73' lang='lat' dir='ltr'><em>a</em></span> <span class='ocrx_word' id='word_1_209' title='bbox 678 1883 891 1923; x_wconf 70' lang='lat' dir='ltr'>Mithridate</span> <span class='ocrx_word' id='word_1_210' title='bbox 913 1895 999 1920; x_wconf 77' lang='lat' dir='ltr'>auro</span> <span class='ocrx_word' id='word_1_211' title='bbox 1013 1910 1024 1931; x_wconf 79' lang='lat'><em>‚</em></span> <span class='ocrx_word' id='word_1_212' title='bbox 1041 1879 1171 1918; x_wconf 70' lang='lat' dir='ltr'>milites</span> <span class='ocrx_word' id='word_1_213' title='bbox 1196 1877 1375 1918; x_wconf 60' lang='lat' dir='ltr'>caedendos</span> <span class='ocrx_word' id='word_1_214' title='bbox 1395 1875 1555 1915; x_wconf 59' lang='lat' dir='ltr'>vinciar«</span> 
     </span>
     <span class='ocr_line' id='line_1_28' title="bbox 263 1951 565 2006; baseline -0.017 -15"><span class='ocrx_word' id='word_1_215' title='bbox 263 1953 388 2006; x_wconf 83' lang='lat' dir='ltr'>dosque</span> <span class='ocrx_word' id='word_1_216' title='bbox 403 1951 565 2003; x_wconf 77' lang='lat' dir='ltr'>praebeat.</span> 
     </span>
    </p>
   </div>
   <div class='ocr_carea' id='block_1_3' title="bbox 267 2004 1615 2324">
    <p class='ocr_par' dir='ltr' id='par_1_4' title="bbox 267 2004 1615 2324">
     <span class='ocr_line' id='line_1_29' title="bbox 320 2004 1558 2066; baseline -0.017 -3"><span class='ocrx_word' id='word_1_217' title='bbox 320 2017 446 2064; x_wconf 85' lang='lat' dir='ltr'>LXII.</span> <span class='ocrx_word' id='word_1_218' title='bbox 472 2021 522 2062; x_wconf 90' lang='lat' dir='ltr'>Iis</span> <span class='ocrx_word' id='word_1_219' title='bbox 553 2018 671 2060; x_wconf 80' lang='lat' dir='ltr'>caulis</span> <span class='ocrx_word' id='word_1_220' title='bbox 695 2018 748 2057; x_wconf 83' lang='lat' dir='ltr'>ita</span> <span class='ocrx_word' id='word_1_221' title='bbox 772 2015 909 2057; x_wconf 72' lang='lat' dir='ltr'>exarsit</span> <span class='ocrx_word' id='word_1_222' title='bbox 933 2012 1112 2066; x_wconf 85' lang='lat' dir='ltr'>proclivis</span> <span class='ocrx_word' id='word_1_223' title='bbox 1140 2008 1312 2060; x_wconf 80' lang='lat' dir='ltr'>alioquin</span> <span class='ocrx_word' id='word_1_224' title='bbox 1338 2009 1379 2047; x_wconf 86' lang='lat' dir='ltr'>in</span> <span class='ocrx_word' id='word_1_225' title='bbox 1402 2004 1558 2065; x_wconf 85' lang='lat' dir='ltr'>seditio.</span> 
     </span>
     <span class='ocr_line' id='line_1_30' title="bbox 267 2069 1615 2131; baseline -0.015 -6"><span class='ocrx_word' id='word_1_226' title='bbox 267 2099 360 2126; x_wconf 88' lang='lat' dir='ltr'>nem</span> <span class='ocrx_word' id='word_1_227' title='bbox 386 2084 551 2131; x_wconf 85' lang='lat' dir='ltr'>concio,</span> <span class='ocrx_word' id='word_1_228' title='bbox 587 2090 630 2122; x_wconf 91' lang='lat' dir='ltr'>ut</span> <span class='ocrx_word' id='word_1_229' title='bbox 659 2081 876 2122; x_wconf 82' lang='lat' dir='ltr'>Thermum</span> <span class='ocrx_word' id='word_1_230' title='bbox 903 2085 1135 2129; x_wconf 71' lang='lat' dir='ltr'>propraetore</span> <span class='ocrx_word' id='word_1_231' title='bbox 1163 2088 1183 2114; x_wconf 83' lang='lat' dir='ltr'>a</span> <span class='ocrx_word' id='word_1_232' title='bbox 1210 2073 1349 2113; x_wconf 76' lang='lat' dir='ltr'>Flacco</span> <span class='ocrx_word' id='word_1_233' title='bbox 1377 2069 1559 2117; x_wconf 67' lang='lat' dir='ltr'>relic&#39;tum</span> <span class='ocrx_word' id='word_1_234' title='bbox 1611 2101 1615 2104; x_wconf 92' lang='lat'>.</span> 
     </span>
     <span class='ocr_line' id='line_1_31' title="bbox 267 2133 1559 2193; baseline -0.015 -6"><span class='ocrx_word' id='word_1_235' title='bbox 267 2147 434 2189; x_wconf 81' lang='lat' dir='ltr'>ademtis</span> <span class='ocrx_word' id='word_1_236' title='bbox 449 2145 615 2185; x_wconf 83' lang='lat' dir='ltr'>fascibus</span> <span class='ocrx_word' id='word_1_237' title='bbox 639 2145 805 2193; x_wconf 83' lang='lat' dir='ltr'>ejiceret.</span> <span class='ocrx_word' id='word_1_238' title='bbox 829 2140 1001 2182; x_wconf 87' lang='lat' dir='ltr'>Fimbria</span> <span class='ocrx_word' id='word_1_239' title='bbox 1016 2170 1028 2188; x_wconf 93' lang='lat'>,</span> <span class='ocrx_word' id='word_1_240' title='bbox 1048 2137 1178 2190; x_wconf 87' lang='lat' dir='ltr'>gratiis</span> <span class='ocrx_word' id='word_1_241' title='bbox 1193 2133 1306 2174; x_wconf 86' lang='lat' dir='ltr'>militi</span> <span class='ocrx_word' id='word_1_242' title='bbox 1328 2133 1445 2180; x_wconf 68' lang='lat' dir='ltr'>affis,</span> <span class='ocrx_word' id='word_1_243' title='bbox 1472 2138 1559 2169; x_wconf 86' lang='lat' dir='ltr'>tan-</span> 
     </span>
     <span class='ocr_line' id='line_1_32' title="bbox 269 2192 1563 2262; baseline -0.015 -12"><span class='ocrx_word' id='word_1_244' title='bbox 269 2223 387 2262; x_wconf 78' lang='lat' dir='ltr'>quam</span> <span class='ocrx_word' id='word_1_245' title='bbox 412 2210 539 2249; x_wconf 89' lang='lat' dir='ltr'>vicem</span> <span class='ocrx_word' id='word_1_246' title='bbox 571 2208 790 2247; x_wconf 86' lang='lat' dir='ltr'>redditurus</span> <span class='ocrx_word' id='word_1_247' title='bbox 817 2204 1021 2253; x_wconf 83' lang='lat' dir='ltr'>beneficii,</span> <span class='ocrx_word' id='word_1_248' title='bbox 1056 2214 1115 2241; x_wconf 85' lang='lat' dir='ltr'>res</span> <span class='ocrx_word' id='word_1_249' title='bbox 1144 2199 1335 2239; x_wconf 89' lang='lat' dir='ltr'>sociorum</span> <span class='ocrx_word' id='word_1_250' title='bbox 1367 2194 1427 2245; x_wconf 85' lang='lat' dir='ltr'>agi</span> <span class='ocrx_word' id='word_1_251' title='bbox 1456 2192 1563 2232; x_wconf 61' lang='lat' dir='ltr'>ferri„</span> 
     </span>
     <span class='ocr_line' id='line_1_33' title="bbox 272 2255 1562 2324; baseline -0.016 -11"><span class='ocrx_word' id='word_1_252' title='bbox 272 2285 347 2324; x_wconf 85' lang='lat' dir='ltr'>que</span> <span class='ocrx_word' id='word_1_253' title='bbox 363 2302 375 2322; x_wconf 81' lang='lat'>,</span> <span class='ocrx_word' id='word_1_254' title='bbox 402 2270 525 2323; x_wconf 85' lang='lat' dir='ltr'>redigi</span> <span class='ocrx_word' id='word_1_255' title='bbox 554 2271 597 2311; x_wconf 86' lang='lat' dir='ltr'>in</span> <span class='ocrx_word' id='word_1_256' title='bbox 620 2269 842 2310; x_wconf 80' lang='lat' dir='ltr'>servitutem</span> <span class='ocrx_word' id='word_1_257' title='bbox 869 2265 1002 2307; x_wconf 88' lang='lat' dir='ltr'>obvios</span> <span class='ocrx_word' id='word_1_258' title='bbox 1021 2294 1032 2314; x_wconf 89' lang='lat'>,</span> <span class='ocrx_word' id='word_1_259' title='bbox 1064 2262 1292 2303; x_wconf 82' lang='lat' dir='ltr'>alia.contra</span> <span class='ocrx_word' id='word_1_260' title='bbox 1322 2255 1562 2307; x_wconf 86' lang='lat' dir='ltr'>disciplinam</span> 
     </span>
    </p>
   </div>
   <div class='ocr_carea' id='block_1_4' title="bbox 274 2375 1561 2560">
    <p class='ocr_par' dir='ltr' id='par_1_5' title="bbox 274 2375 1561 2560">
     <span class='ocr_line' id='line_1_34' title="bbox 319 2375 1561 2460; baseline -0.017 -11"><span class='ocrx_word' id='word_1_261' title='bbox 319 2416 343 2460; x_wconf 70' lang='lat' dir='ltr'>g</span> <span class='ocrx_word' id='word_1_262' title='bbox 369 2415 439 2448; x_wconf 79' lang='lat' dir='ltr'>LX.</span> <span class='ocrx_word' id='word_1_263' title='bbox 464 2416 608 2459; x_wconf 77' lang='lat' dir='ltr'>Appian.</span> <span class='ocrx_word' id='word_1_264' title='bbox 633 2414 727 2448; x_wconf 64' lang='lat' dir='ltr'>cava.</span> <span class='ocrx_word' id='word_1_265' title='bbox 753 2415 784 2455; x_wconf 61' lang='lat'>1„</span> <span class='ocrx_word' id='word_1_266' title='bbox 806 2424 835 2446; x_wconf 84' lang='lat'>1.</span> <span class='ocrx_word' id='word_1_267' title='bbox 862 2410 988 2444; x_wconf 70' lang='lat' dir='ltr'>Auaor</span> <span class='ocrx_word' id='word_1_268' title='bbox 1010 2407 1049 2443; x_wconf 79' lang='lat' dir='ltr'>de</span> <span class='ocrx_word' id='word_1_269' title='bbox 1066 2408 1140 2442; x_wconf 72' lang='lat' dir='ltr'>vir.</span> <span class='ocrx_word' id='word_1_270' title='bbox 1163 2407 1214 2440; x_wconf 81' lang='lat' dir='ltr'>iu.</span> <span class='ocrx_word' id='word_1_271' title='bbox 1239 2416 1268 2438; x_wconf 84' lang='lat' dir='ltr'>c.</span> <span class='ocrx_word' id='word_1_272' title='bbox 1288 2413 1342 2445; x_wconf 86' lang='lat'>29.</span> <span class='ocrx_word' id='word_1_273' title='bbox 1370 2375 1561 2437; x_wconf 54' lang='lat' dir='ltr'>LivAEpitJ</span> 
     </span>
     <span class='ocr_line' id='line_1_35' title="bbox 274 2451 1557 2508; baseline -0.012 -6"><span class='ocrx_word' id='word_1_274' title='bbox 274 2469 420 2502; x_wconf 75' lang='lat' dir='ltr'>Diodor.</span> <span class='ocrx_word' id='word_1_275' title='bbox 447 2468 536 2500; x_wconf 86' lang='lat' dir='ltr'>Plut.</span> <span class='ocrx_word' id='word_1_276' title='bbox 560 2469 596 2499; x_wconf 87' lang='lat' dir='ltr'>in</span> <span class='ocrx_word' id='word_1_277' title='bbox 619 2467 703 2499; x_wconf 77' lang='lat' dir='ltr'>Suu.</span> <span class='ocrx_word' id='word_1_278' title='bbox 732 2477 761 2498; x_wconf 92' lang='lat' dir='ltr'>c.</span> <span class='ocrx_word' id='word_1_279' title='bbox 786 2477 840 2506; x_wconf 83' lang='lat'>44.</span> <span class='ocrx_word' id='word_1_280' title='bbox 877 2463 899 2508; x_wconf 82' lang='lat'>§</span> <span class='ocrx_word' id='word_1_281' title='bbox 928 2461 1016 2498; x_wconf 78' lang='lat' dir='ltr'>LXI.</span> <span class='ocrx_word' id='word_1_282' title='bbox 1047 2461 1195 2506; x_wconf 69' lang='lat' dir='ltr'>Appiam</span> <span class='ocrx_word' id='word_1_283' title='bbox 1226 2455 1382 2491; x_wconf 63' lang='lat' dir='ltr'>Mithrid.</span> <span class='ocrx_word' id='word_1_284' title='bbox 1411 2451 1557 2488; x_wconf 76' lang='lat' dir='ltr'>Diodor-</span> 
     </span>
     <span class='ocr_line' id='line_1_36' title="bbox 275 2521 795 2560; baseline -0.012 -2"><span class='ocrx_word' id='word_1_285' title='bbox 275 2523 403 2558; x_wconf 65' lang='lat' dir='ltr'>Auuor</span> <span class='ocrx_word' id='word_1_286' title='bbox 437 2521 477 2555; x_wconf 84' lang='lat' dir='ltr'>de</span> <span class='ocrx_word' id='word_1_287' title='bbox 507 2522 578 2556; x_wconf 70' lang='lat' dir='ltr'>vir.</span> <span class='ocrx_word' id='word_1_288' title='bbox 602 2522 650 2554; x_wconf 80' lang='lat' dir='ltr'>ill.</span> <span class='ocrx_word' id='word_1_289' title='bbox 679 2531 708 2552; x_wconf 91' lang='lat' dir='ltr'>c.</span> <span class='ocrx_word' id='word_1_290' title='bbox 738 2529 795 2560; x_wconf 78' lang='lat'>70.</span> 
     </span>
    </p>
   </div>
  </div>
 </body>
</html>
