1638 2937
249 142 332 190 IN
380 142 556 190 LOC.
595 143 731 190 LIB.
776 143 1016 191 LXXVIII
1065 145 1205 194 LIV.
1321 163 1409 211 125

115 253 245 288 torem
268 250 373 288 navis
389 280 400 298 ‚
425 263 508 300 quae
529 251 567 288 in
585 249 691 289 suam
723 257 958 297 accurrerat,
975 263 1065 289 cum
1088 260 1239 301 proreta
1263 252 1408 305 suppli-

120 310 182 348 cio
208 310 348 350 affecit.
383 313 461 352 Sub
487 311 642 350 eosdem
671 311 775 358 dies,
809 323 899 351 cum
926 312 1107 360 pedestris
1134 315 1324 354 exercitus
1347 329 1405 355 re-

117 371 177 420 gis
206 373 386 412 onerariis
419 375 456 413 Sc
486 372 704 412 triremibus
733 371 1009 419 adveheretur,
1042 375 1263 423 repentinus
1292 376 1407 416 turbo

73 441 75 443 ’
115 442 267 483 partem
291 448 421 474 earum
445 435 603 474 navium
628 435 666 472 in
692 435 890 474 Rhodium
912 434 1002 473 litus
1029 435 1202 486 impegit.

172 497 322 537 XXIII.
361 497 529 546 Rhodii,
556 497 717 547 impigre
749 497 870 537 evecti
897 497 937 535 in
969 497 1149 537 affliftam
1183 498 1410 546 tempestate

114 555 358 611 sparsamque
393 561 574 609 classem,
615 572 730 599 naves
770 559 953 610 quasdam
986 572 1075 598 cum
1105 558 1194 598 viris
1229 561 1410 608 quadrin-

115 622 241 671 gentis
273 624 552 674 abripuerunt,
592 623 682 662 alias
717 622 927 673 perforatas
961 621 1171 673 merserunt
1206 621 1309 668 alto,
1341 630 1410 661 aut

112 683 257 733 injeeco
274 686 366 736 igne
377 687 604 726 exusserunt.
630 686 769 726 Nescio
785 715 796 733 ,
811 684 884 724 hac
905 697 954 723 an
976 675 1168 734 superiore
1190 683 1317 733 aliqua
1343 697 1410 722 na-

115 746 192 785 vali
220 760 347 798 pugna
379 759 513 799 captus
540 749 731 789 Leonicus
768 748 911 795 fuerit,
940 746 1002 796 qui
1034 746 1072 784 se
1098 745 1324 784 acerrimum
1356 745 1411 784 sa.-

113 805 205 847 lutis
238 810 349 860 regite
379 810 619 850 defensorem
653 809 861 859 aliquando
891 807 1117 846 ostenderat.
1154 806 1259 844 hunc
1287 808 1409 856 igitur

115 879 160 908 ut
177 880 440 921 recuperaret,
455 880 646 922 quotquot
666 870 834 909 habebat
849 868 1092 908 Rhodiorum
1115 867 1286 918 captivos
1301 899 1312 916 ‚
1335 881 1409 917 pro

115 942 195 970 uno
224 945 386 984 corpore
421 934 603 974 reddidit.
643 932 792 972 Deinde
831 930 1036 970 obfirmato
1068 930 1117 968 ad
1152 929 1410 980 expugnatio-

112 1003 207 1031 nem
242 995 398 1044 animo,
437 994 549 1043 simul,
582 994 631 1033 ad
669 992 803 1032 navale
837 992 941 1031 aliud
974 990 1184 1042 proehum,
1216 990 1327 1029 fimul
1358 991 1410 1030 ad

113 1057 298 1094 tentanda
324 1054 468 1094 moenia
490 1058 743 1104 cogitationes
768 1055 950 1089 intendit.

182 1123 333 1165 XXIV.
364 1124 478 1164 Forte
506 1122 720 1174 proditores
750 1121 906 1170 quidam
933 1119 1079 1159 clivum
1114 1120 1147 1158 ei
1179 1119 1410 1160 monstram-2

113 1192 227 1234 rant,
259 1187 365 1235 juxta
385 1186 491 1235 Jovis
514 1183 687 1234 Atabyrii
718 1182 943 1229 delubrum,
973 1194 1046 1232 qua
1073 1189 1179 1231 parte
1205 1182 1269 1231 qui
1291 1183 1410 1232 primi

112 1247 379 1285 exstruxerant
399 1246 544 1284 moenia
558 1275 570 1293 ,
594 1244 700 1294 quod
718 1244 915 1283 altitudini
936 1243 1023 1281 fitus
1039 1242 1302 1289 confiderent,
1323 1242 1410 1282 bre..

112 1306 220 1343 viore
244 1306 417 1345 contenti
443 1320 552 1346 muro
578 1308 742 1346 fuerant.
774 1307 851 1346 Sed
877 1305 1025 1345 clivum
1050 1303 1207 1343 ascensu
1235 1317 1313 1342 non
1334 1304 1410 1343 dif-

110 1364 257 1405 ficilem
286 1367 360 1406 effe
376 1368 583 1419 transfugae
606 1367 900 1408 confirmabant.
937 1366 1056 1417 Igitur
1075 1366 1192 1403 noctu
1219 1364 1341 1413 copiis
1365 1366 1409 1404 in

111 1439 229 1466 naves
251 1429 442 1480 impolitis
455 1461 469 1477 ‚
482 1431 626 1482 filentio
642 1432 825 1468 admovere
847 1443 958 1477 naves
982 1427 1108 1475 J'uffit,
1128 1427 1236 1464 donec
1255 1426 1293 1462 in
1309 1427 1408 1464 Ata-

111 1490 200 1542 byro
221 1504 333 1530 monce
352 1492 428 1544 fizx
453 1492 659 1541 tolleretur3
688 1492 834 1539 deinde,
864 1501 994 1542 quanto
1015 1487 1241 1541 poffintrcum
1262 1486 1411 1525 clamore

112 1567 158 1591 ac
185 1553 336 1606 impetu,
369 1556 421 1593 ad
454 1555 566 1592 locum
603 1555 723 1606 cuique
760 1551 966 1604 affigrzatum
997 1551 1180 1587 decurrere.
1216 1548 1317 1588 Nam
1352 1548 1410 1586 ita

109 1613 271 1663 partitus
298 1622 378 1653 erat
405 1627 543 1665 operas
559 1645 571 1662 ‚
595 1622 665 1661 ut,
698 1613 823 1652 donec
855 1624 941 1662 pars
971 1609 1159 1649 exercitus
1184 1621 1273 1648 cum
1297 1607 1410 1647 scanza

115 1675 169 1715 ad
192 1677 336 1716 moenia
361 1678 440 1717 vim
467 1684 614 1726 tentat,
642 1675 709 1716 alii
736 1676 784 1715 ad
808 1682 966 1726 portum
984 1682 1167 1725 terrorem
1192 1674 1376 1712 facerent.

164 1750 295 1790 XXV.
317 1750 394 1790 Sed
415 1749 456 1787 id
484 1747 641 1798 quidem
662 1746 884 1794 confilium,
907 1754 951 1784 ut
975 1743 1098 1783 multa
1114 1742 1188 1782 alia
1209 1742 1407 1791 ejusdem,

110 1805 221 1854 casus
245 1812 364 1852 elufit.
389 1811 569 1852 Excubiae
592 1809 864 1856 Rhodiorum,
898 1810 989 1846 cum
1013 1807 1113 1846 forte
1135 1804 1294 1844 surdum
1318 1804 1406 1842 strea-

108 1879 240 1930 pitum
271 1875 526 1922 audiviffent,
551 1875 682 1925 ignem
713 1871 942 1911 extulerunt.
977 1869 1019 1908 id
1040 1880 1162 1919 prope
1192 1865 1408 1917 Atabyrum

107 1938 259 1981 factum
291 1937 550 1977 Mithridatici
575 1943 755 1986 putantes
773 1964 786 1982 ,
819 1932 1044 1983 signumque
1070 1928 1180 1968 suum
1208 1927 1407 1974 arbitrati,

108 2014 159 2042 ex
180 1999 357 2040 altiffimo
384 1997 531 2037 silentio
547 1995 659 2036 fimul
681 2002 839 2045 repente
858 2005 993 2032 omnes
1009 1988 1234 2029 horribilem
1261 1987 1405 2025 clamo-

107 2076 193 2103 rem
216 2063 433 2102 ediderunt.
464 2059 611 2100 Rhodii
638 2065 795 2105 contra,
820 2055 994 2096 alacriter
1026 2053 1194 2092 clamore
1217 2044 1402 2096 reddito,

111 2138 204 2165 cum
225 2126 275 2164 ad
293 2124 436 2165 moenia
457 2122 661 2162 confertim
687 2127 905 2167 currerent,
926 2119 1072 2168 regios,
1089 2128 1137 2153 ne
1157 2125 1224 2164 per
1244 2114 1403 2168 noctem

109 2187 258 2239 aliquid
282 2188 493 2234 auderent,
518 2185 809 2224 absterruerunt.
853 2181 944 2220 luce
971 2179 1060 2218 dein
1079 2185 1185 2224 orta,
1212 2182 1255 2214 ut
1274 2173 1403 2212 homi·-

110 2264 181 2290 nes
206 2262 285 2288 non
309 2250 357 2288 ad
379 2248 582 2299 proelium,
606 2247 673 2285 sed
696 2245 745 2284 ad
769 2245 920 2286 furtum
941 2242 1066 2281 nostis
1085 2236 1248 2290 egreffos
1263 2267 1274 2285 ,
1290 2235 1397 2276 haud

113 2324 255 2364 magna
281 2309 385 2351 mole
406 2308 696 2355 submoverunt.

177 2453 204 2501 5
231 2453 341 2491 XX11.
362 2452 439 2489 Liv.
464 2451 554 2497 Epir.
575 2449 724 2496 Appiam.
747 2447 770 2495 S
791 2445 921 2486 XXIII.
942 2444 1021 2485 Val.
1043 2443 1142 2479 Max.
1160 2450 1176 2486 5
1192 2467 1204 2485 ,
1217 2450 1253 2478 20
