1638 2937
231 185 296 226 ²12*
397 177 488 225 JO.
534 174 1037 222 FREINSHEMII
1070 173 1419 221 SUPPLEM:

307 285 453 326 XXVI.
487 284 560 324 Sed
596 282 786 330 Rutilius,
822 281 1018 331 ,Iuliusque
1056 280 1254 329 consules,
1288 287 1330 319 ut
1363 278 1517 320 obseslis

235 361 348 398 opem
374 348 536 394 ferrent,
554 347 593 384 in
616 346 814 386 Samnium
835 343 1057 393 Marsosque
1084 343 1217 382 diverli
1245 342 1434 381 abierunt.
1456 341 1519 380 In-

234 416 291 447 ter
319 408 400 447 haec
426 421 446 447 a
472 408 632 446 nomine
661 406 797 447 Latino
814 436 825 453 ,
846 403 1078 455 reliquisque
1102 412 1207 443 extra
1234 402 1384 442 Italiam
1404 402 1517 440 sociis

232 470 446 521 frequentia
478 478 665 508 venerunt
695 467 844 507 auxilia.
884 480 974 506 nam
1005 468 1121 505 etiam
1159 475 1242 503 tum
1270 476 1408 514 magna
1434 461 1520 513 pars

233 533 374 580 Italiae,
401 546 516 571 omne
544 532 713 579 Latium,
741 529 911 577 Etrusci,
933 529 1091 576 Umbri,
1117 529 1276 578 aliaeque
1299 526 1432 566 validae
1454 538 1520 564 na-

233 595 358 634 tiones
390 596 429 633 in
457 595 532 633 fide
556 593 773 631 manebant.
816 593 891 632 Sed
921 594 956 630 ὁὶ
981 592 1020 629 in
1044 590 1128 629 aliis
1156 588 1406 640 quibusdam,
1433 596 1518 637 quae

237 657 484 703 defecerant,
523 656 620 694 adeo
656 655 880 704 repentinus
912 654 1010 691 inter
1043 666 1181 691 omnes
1210 650 1412 690 consensus
1445 648 1521 687 elle

234 731 314 756 non
351 719 504 768 potuit,
539 726 581 755 ut
614 729 692 754 non
724 729 860 766 magna
887 717 1016 766 portio
1046 716 1221 753 immixta
1250 713 1440 752 bonorum
1467 709 1525 749 es-

235 779 303 818 set.
336 779 381 818 In
413 778 584 828 Hirpinis
609 786 709 816 certe
738 777 874 825 justam
909 762 1115 826 legionem
1135 774 1326 814 Minatius
1364 772 1522 822 Magius

236 840 475 892 conscripsit,
511 838 784 887 AEseulanenfis
819 839 976 888 quidem
1009 838 1188 882 civitate,
1216 836 1280 874 sed
1309 835 1475 873 intadtus
1498 844 1521 870 a

234 899 375 939 scelere
392 931 403 947 ,
425 902 460 939 Sc
491 900 598 938 avita:
622 900 661 938 in
684 900 876 939 Romanos
903 899 994 937 fidei
1021 907 1147 937 tenax.
1178 899 1310 947 Nepos
1331 897 1434 934 enim
1449 894 1525 933 De-

237 962 286 1000 cii
316 961 433 1011 Magii
456 962 740 1011 Campanorum
761 961 944 1011 principis
971 969 1071 1008 erat,
1101 961 1207 1008 ejus,
1231 959 1295 1010 qui
1320 957 1523 997 deficiente

238 1024 289 1062 ad
311 1022 572 1063 Hannibalem
599 1025 760 1075 Capua,
785 1031 828 1061 ut
851 1033 1026 1061 ruentem
1048 1022 1087 1060 in
1116 1022 1285 1061 dedecus
1311 1022 1346 1060 Sc
1367 1019 1526 1058 exitium

237 1086 399 1136 patriam
430 1086 628 1134 retineret,
661 1085 780 1125 multa
804 1084 914 1123 ausus
940 1083 1137 1134 passusque
1153 1114 1164 1132 ‚
1191 1082 1383 1122 fortissimi
1409 1090 1524 1129 atque

238 1147 445 1186 fidelissimi
467 1147 534 1186 viri
560 1148 704 1186 famam
731 1147 908 1185 emeruit.

293 1208 458 1248 XXVII.
488 1209 625 1258 Neque
650 1207 771 1257 segnis
792 1206 947 1247 Minatii
973 1218 1018 1243 eo
1037 1203 1140 1244 bello
1166 1215 1282 1253 opera
1311 1201 1406 1241 fuit:
1432 1212 1524 1240 nam

242 1273 278 1310 ἃ
303 1270 535 1310 Herculanei
559 1271 660 1320 capti
685 1280 931 1308 communem
953 1279 1043 1305 cum
1068 1266 1115 1306 T.
1139 1265 1257 1305 Didio
1282 1264 1436 1302 laudem
1461 1261 1528 1300 ha-

239 1331 337 1379 bet,
367 1333 401 1371 ἃ
429 1343 518 1369 cum
549 1331 591 1370 L.
625 1329 729 1370 Sulla
766 1330 969 1378 Pompeios
1008 1327 1275 1378 oppugnavit,
1310 1323 1526 1372 Cosamque

240 1396 460 1444 occupavit.
478 1394 907 1446 agnovitquemeritum
924 1392 1118 1432 Romanus
1140 1388 1326 1439 populus,
1344 1389 1379 1426 ἃ
1400 1386 1526 1436 ipsum

241 1457 398 1506 quidem
425 1457 653 1495 nominatim
678 1451 837 1495 donavit
864 1455 1017 1504 civitate
1040 1466 1050 1491 ε
1078 1451 1248 1501 duosque
1263 1449 1405 1489 deinde
1425 1448 1527 1487 filios

242 1521 326 1567 ejus
347 1520 487 1557 creavit
511 1530 712 1569 praetores,
743 1530 832 1556 cum
859 1516 985 1555 adhue
1013 1513 1090 1552 seni
1117 1521 1346 1552 crearentur.
1384 1511 1526 1551 Utilior

243 1582 381 1627 etiarn,
400 1595 515 1631 quaxn
537 1581 743 1629 celebrior,
757 1579 939 1618 industria
955 1577 1109 1618 Sertorii
1132 1576 1228 1614 fuit:
1253 1576 1361 1624 eujus
1376 1573 1528 1623 egregia

245 1645 346 1687 faeta
369 1657 453 1686 toto
479 1661 523 1686 eo
548 1656 722 1696 tempore
742 1642 908 1696 primum
934 1641 1152 1693 ignobilitas
1176 1639 1365 1684 hominis,
1382 1638 1524 1676 deinde

242 1706 474 1758 scriptorum
497 1707 641 1745 invidia
668 1705 894 1744 obscuravit.
926 1703 1001 1743 Sed
1030 1704 1060 1740 is
1086 1710 1169 1739 tum
1195 1699 1328 1740 Galliae
1349 1698 1528 1749 Cispada-

244 1781 305 1807 nae
333 1767 490 1817 quaestor
522 1779 627 1804 arma
654 1765 827 1815 virosque
860 1777 1000 1814 magno
1040 1775 1203 1801 numero
1239 1768 1440 1811 coegerat,
1477 1770 1529 1796 ne

245 1830 327 1881 ipse
346 1829 501 1879 quidem
527 1828 592 1868 suo
618 1829 769 1878 corpori
789 1839 958 1877 parcens.
977 1826 1080 1864 unde
1105 1825 1243 1863 eodem
1267 1822 1392 1868 bello,
1410 1822 1525 1868 dum,

245 1892 397 1932 nullum
432 1891 647 1942 periculum
681 1890 901 1939 refugiens,
938 1889 1071 1927 acriter
1100 1901 1168 1938 pro
1204 1886 1333 1937 patriae
1364 1881 1528 1934 imperio

245 1962 417 2005 pugnat,
449 1952 580 1992 effosso
614 1952 732 1991 altero
757 1951 984 1998 oculorum,
1023 1965 1093 1988 non
1128 1949 1457 2001 dehonestamentum
1490 1945 1532 1982 id

246 2017 318 2054 oris
333 2047 344 2062 ,
364 2017 430 2067 sed
449 2026 683 2053 ornamentum
705 2016 846 2060 habere,
869 2012 972 2051 haud
999 2013 1138 2061 injuria
1162 2010 1341 2060 gloriatus
1366 2008 1428 2046 est.

267 2074 270 2075 ⁷
300 2076 487 2117 XXVIII.
516 2076 713 2114 Venerunt
739 2077 774 2114 ὃς
803 2075 850 2113 ab
880 2074 1023 2112 ultimis
1053 2074 1159 2111 terris
1180 2070 1350 2117 auxilia,
1371 2081 1450 2107 non
1473 2079 1530 2104 re-¹

250 2140 361 2190 gibus
389 2139 536 2186 modo,
569 2136 793 2187 magnisque
826 2135 979 2186 populis
1009 2142 1161 2184 promte
1191 2128 1531 2174 submittentibus,

247 2201 314 2239 sed
339 2200 454 2238 etiam
487 2199 742 2238 mediocrium
769 2197 968 2236 civitatum
991 2196 1108 2235 alacri
1134 2193 1270 2233 studio.
1302 2193 1405 2232 Inter
1436 2201 1529 2239 quas

252 2264 287 2300 ἃ
305 2261 351 2299 ab
373 2260 551 2300 Heraclea
567 2260 725 2299 Pontica
742 2259 835 2298 duas
857 2259 1028 2298 triremes
1051 2258 1168 2295 testas
1189 2252 1328 2293 veniffe
1341 2251 1532 2292 Memnon

249 2321 433 2372 scriptum
454 2321 630 2371 reliquit,
656 2323 766 2369 cujus
783 2322 834 2359 ‘in
859 2319 1096 2370 populorum
1118 2314 1347 2367 assignandis
1373 2310 1529 2350 sedibus,

251 2498 281 2520 e
305 2441 491 2528 ξξίἷιζξὲ
501 2442 625 2486 Vellej
652 2453 692 2485 2,
715 2443 766 2476 16.
790 2443 866 2477 Liv.
888 2453 951 2487 23,
969 2452 1002 2483 7.
1025 2443 1046 2486 §
1070 2439 1212 2475 XXVII.
1237 2435 1381 2471 Plut.'1n
1404 2435 1533 2468 Sertor
