1638 2937
279 160 376 210 5108
442 161 536 209 JO.
575 160 1089 210 FREINSHEMII
1126 164 1493 214 SUPPLEM:

277 273 338 306 tos
360 268 565 309 Minturnis
593 268 823 318 abfuerunt,
854 270 963 309 simul
994 272 1167 321 equitum
1194 271 1293 312 alam
1325 275 1374 312 ad
1401 275 1438 313 se
1467 282 1558 313 ten:

276 329 436 368 dentem
469 330 616 369 eminus
646 330 901 381 conspexere,
927 332 1037 371 simul
1072 334 1166 372 duas
1195 346 1310 372 naves
1337 336 1553 382 onerariam,

271 402 396 440 prope
425 390 537 438 litus,
568 405 634 442 per
663 393 765 442 quod
790 392 1021 433 incedebant
1045 394 1136 444 ipsi,
1163 394 1246 434 vela
1269 396 1462 436 facientes,
1482 397 1557 446 igi-

271 458 335 490 tur
363 453 410 492 ad
438 452 505 492 has
532 455 650 493 citato
673 454 783 493 cursu
810 454 948 504 delati,
977 458 1158 507 projectis
1184 458 1224 496 in
1259 470 1362 497 mare
1386 459 1556 508 corpori·-

272 512 345 553 bus
377 524 569 554 annatant.

326 576 513 615 XXXIV.
547 577 595 616 Et
618 577 779 615 Granius
807 578 964 627 quidem
987 608 998 626 ,
1023 577 1139 618 altera
1162 580 1316 620 navium
1343 589 1551 632 exceptus,

267 634 312 673 in
349 636 540 675 AEnariam
572 636 738 676 insulam
775 639 936 686 trajecit.
989 640 1134 679 Marius
1176 654 1336 692 corpore
1371 644 1550 693 gravior,

266 697 394 736 multo
420 699 583 738 duorum
610 699 800 739 servorum
831 699 963 739 labore
981 702 1045 739 vix
1071 702 1315 752 sublevatus,
1339 706 1373 743 8<
1397 706 1436 742 in
1456 704 1551 743 alte-

266 773 350 797 nm
378 760 576 810 impositus
607 761 669 799 est.
697 763 852 811 jamque
876 762 1033 800 aderant
1054 764 1201 813 equites
1217 794 1228 812 ‚
1252 767 1287 804 &
1313 776 1447 805 nautas
1475 765 1552 804 cla-

264 831 377 860 more
406 823 551 860 cientes
583 824 744 876 appellere
778 822 989 871 jubebant:
1028 837 1092 862 aut
1121 825 1244 876 saltem
1263 827 1478 878 praecipitato
1512 828 1550 865 in

264 899 376 935 aquas
400 886 544 932 Mario,
559 900 623 938 quo
649 885 862 938 instituiffimt
877 887 1027 938 curfitm,
1042 902 1183 940 pergere.
1209 888 1284 927 Sed
1308 886 1554 938 supplicante

266 956 359 983 cum
387 944 555 985 lacrimis
580 946 692 993 sene,
721 948 867 986 domini
893 949 1024 996 navis,
1057 950 1256 1000 postquam
1286 951 1353 989 diu
1375 949 1554 990 fluctuas-

264 1006 351 1045 sent
375 1007 537 1056 animis,
563 1017 750 1059 negarunt
777 1009 815 1048 se
842 1010 980 1059 ejicere
1005 1011 1130 1050 virum
1156 1012 1271 1062 posse.
1308 1013 1458 1052 Deinde
1481 1013 1552 1052 ubi

263 1079 356 1106 cum
389 1070 580 1109 atrocibus
611 1071 725 1110 minis
753 1071 899 1121 equites
927 1072 994 1111 citi
1026 1073 1276 1124 receiserunt,
1305 1075 1441 1114 iterum
1470 1075 1553 1113 im'-

261 1140 414 1171 mutata
442 1142 572 1172 mente
591 1164 602 1182 ,
631 1135 681 1173 ad
713 1135 805 1175 Liris
841 1135 963 1173 amnis
998 1135 1090 1174 ostia
1125 1148 1246 1186 prope
1278 1143 1415 1175 terram
1443 1138 1552 1186 jece-

261 1202 358 1232 runt
389 1208 545 1235 ancoras
564 1211 575 1244 ς
600 1197 817 1248 hortatique
837 1198 1006 1238 Marium
1019 1229 1030 1247 ,
1054 1212 1096 1238 ut
1111 1203 1162 1239 ad
1184 1201 1294 1239 cibum
1315 1199 1518 1253 capiendum
1533 1229 1548 1248 ‚

263 1259 450 1311 corpusque
473 1261 597 1297 reblius
617 1262 806 1298 curandum
827 1273 877 1298 tot
899 1260 1062 1313 affliHum
1085 1262 1335 1310 incommodis,
1359 1263 1398 1300 in
1423 1274 1548 1301 terram

257 1322 495 1372 exscenderet‚
517 1324 645 1370 donec,
660 1324 718 1374 qui
735 1324 824 1364 [lata
841 1324 924 1360 hora
938 1325 1030 1373 flare
1046 1325 1207 1372 debebat,
1229 1336 1354 1362 ventus
1369 1326 1519 1377 fitrgeret
1531 1356 1547 1372 ‚

260 1381 421 1420 sublatis
446 1382 539 1421 velis
565 1383 603 1420 in
635 1383 806 1432 gramine
833 1384 1130 1424 accumbentem
1157 1384 1403 1436 reliquerunt.

320 1451 488 1490 XXXV.
529 1451 584 1490 Ita
616 1451 819 1491 derelictus
846 1452 893 1492 ab
922 1453 1101 1493 omnibus
1132 1453 1378 1504 hominibus,
1405 1455 1470 1494 diu
1504 1455 1547 1495 in

259 1511 373 1551 litore
408 1513 483 1552 fine
516 1525 613 1553 voce
640 1515 786 1562 jacuit:
818 1516 1017 1566 postquam
1043 1530 1140 1567 aegre
1161 1517 1198 1556 se
1227 1517 1449 1567 recollegit,
1476 1530 1546 1570 per

257 1573 364 1612 :invia
393 1576 428 1613 ἃ
457 1574 646 1625 uliginosa
672 1574 786 1624 loca,
813 1576 1062 1627 oppletasque
1090 1590 1202 1617 coeno
1231 1580 1266 1617 ὃς
1296 1579 1403 1629 aquis
1431 1578 1544 1618 foffas

259 1634 411 1674 defecta
446 1635 620 1674 membra
649 1635 825 1686 trahens,
858 1639 1017 1677 tandem
1055 1639 1102 1677 ad
1137 1638 1374 1690 tuguriolum
1409 1640 1543 1688 venit,

257 1696 300 1734 in
325 1709 401 1746 quo
426 1697 539 1735 senex
573 1699 754 1747 quidam,
777 1699 984 1749 paludibus
1024 1703 1231 1752 purgandis
1269 1715 1424 1752 operam
1455 1703 1545 1741 dare

255 1758 421 1807 solitus,
448 1758 659 1800 habitabat.
696 1762 753 1800 Ad
782 1761 896 1810 hujus
923 1762 1039 1811 pedes
1073 1761 1110 1800 se
1143 1762 1354 1811 abjiciens,
1379 1762 1544 1802 obtesta-

260 1820 397 1869 batur,
417 1823 578 1875 servator
605 1834 707 1874 atque
727 1822 869 1874 adjutor
885 1823 946 1874 ff
966 1823 1072 1860 vellet
1098 1825 1251 1861 hominis
1265 1854 1276 1872 ,
1291 1826 1330 1875 st
1342 1824 1540 1876 praefintem

254 1886 480 1936 tempestatem
507 1884 694 1936 effitgiffit,
717 1884 854 1936 majora
878 1885 1041 1937 opinione
1067 1886 1208 1938 praemia
1229 1887 1409 1925 reddituri.
1440 1885 1536 1933 Ille,

254 1943 332 1983 sive
363 1943 458 1983 olim
487 1943 607 1983 visum
628 1943 904 1994 recognoscens
918 1976 931 1991 ‚
949 1945 1022 1983 sive
1044 1958 1091 1984 ex
1116 1945 1271 1995 aspectu
1293 1947 1414 1985 virum
1436 1946 1543 1985 haud

255 2006 454 2057 vulgarem
476 2007 654 2056 J'udicans
669 2038 680 2056 ,
705 2007 856 2058 placide
877 2007 1094 2058 respondit:
1110 2009 1148 2059 fi
1168 2010 1301 2060 quidem
1317 2009 1443 2060 quietis
1463 2023 1537 2061 ege-

253 2082 330 2116 ret,
350 2070 442 2122 poffi
468 2071 606 2123 tugurio
632 2070 686 2108 uti
696 2085 713 2118 ‚·
730 2071 789 2121 fin
815 2085 895 2108 vero
927 2070 1084 2108 inimicos
1106 2070 1246 2122 aliquos
1256 2069 1394 2123 filgeret
1410 2100 1421 2119 ,
1438 2085 1537 2108 mon-

248 2133 435 2184 straturum
450 2133 492 2183 fi
514 2132 682 2183 aptiorem'
705 2132 848 2170 latebris
876 2132 1000 2171 locum.
1151 2165 1159 2175 ,

310 2192 500 2232 XXXVI.
532 2192 593 2232 Ibi
617 2194 709 2232 dum
732 2195 840 2242 juxta
862 2193 1117 2242 profluentem
1139 2193 1178 2231 in
1201 2205 1292 2232 cava
1311 2193 1416 2244 ripa,
1441 2191 1540 2231 mul-

256 2262 295 2293 ta
330 2255 514 2293 arundine
551 2254 774 2305 levibusque
807 2255 1004 2295 sarmentis
1031 2258 1228 2295 contectus
1258 2255 1385 2303 sedet,
1407 2254 1533 2293 subito

259 2314 309 2352 ad
326 2326 433 2353 aures
459 2315 602 2354 accidit
623 2315 789 2363 clamor,
809 2317 1092 2368 increpantium
1114 2317 1242 2358 senem
1258 2347 1270 2366 ,
1297 2318 1333 2356 ἃ
1357 2315 1425 2355 ubi
1448 2315 1534 2355 Ma-

259 2439 263 2445 ’
298 2445 322 2489 S
347 2444 673 2490 XXX111.,App52n.
697 2447 790 2480 civil.
817 2449 841 2482 ἓ.
868 2459 900 2483 ι.
920 2447 1008 2482 Plut.
1031 2447 1057 2492 §
1072 2447 1215 2483 XXXV.
1230 2446 1379 2490 Appian.
1398 2443 1491 2476 Pha,
