1638 2937
269 183 347 230 IN
386 181 551 229 [oe.
597 182 725 228 ΜΒ.
768 181 1009 229 Lxxxffl
1051 169 1188 233 mv,
1323 199 1419 237 ω·

123 287 207 330 sule
229 290 379 331 turbam
399 290 626 338 submovet,
650 289 812 329 militem
838 291 1063 329 contemtim
1089 276 1317 333 resistentem
1336 294 1422 345 puln

122 353 247 402 saret,
282 353 519 404 viciffirnque
557 353 605 392 ab
643 352 717 392 alio
747 352 871 391 milite
905 362 1178 403 percuteretur.
1214 356 1298 405 lbi,
1329 369 1421 398 cum

121 416 304 456 accensus
340 418 393 455 ira
417 415 550 455 consul
575 416 833 467 percussorem
863 417 1003 466 corripi
1033 416 1206 465 juberet,
1245 419 1320 459 hoc
1348 422 1420 460 ini-

121 477 221 516 tium
249 477 436 516 tumultus
462 477 558 517 fuit:
594 477 822 529 sublatoque
848 478 1017 517 clamore
1045 481 1220 519 omnium
1238 513 1248 530 ,
1272 483 1419 533 lapides

125 539 269 587 conjici
306 547 519 589 coeperunt.
557 538 663 579 Tum
698 554 787 581 vero
821 541 1034 591 fugientem
1062 543 1223 583 Cinnam
1261 546 1421 594 quidam.

123 599 299 638 ‘centurio
324 600 538 649 assecutus,
577 602 625 640 ad
665 614 791 651 genua
824 603 889 643 fibi
920 605 1185 653 accidentem,
1215 606 1421 646 annulum-

121 674 199 712 que
227 662 357 713 magni
386 665 498 713 pretii
528 662 781 713 offerentem,
807 666 934 707 stric‘to
958 667 1095 719 gladio
1117 668 1319 708 confodit:
1346 685 1419 708 non

117 722 392 777 adsignandam
413 727 505 778 spon
520 740 653 772 Ionem,
672 726 924 779 sedfaediffi'mi
945 730 1092 785 tyrqnni
1110 730 1286 782 puniendi
1308 733 1417 784 causa

103 790 149 843 ft
169 790 304 841 adeff,
326 790 523 840 praefatus.

174 850 280 890 XVI.
309 849 452 890 Occiso
485 850 630 898 Cinna,
657 850 728 890 Cn.
762 850 887 890 Carbo
918 851 1165 902 praesentibus
1193 851 1299 892 haud
1323 852 1414 894 sane

114 911 253 962 laetus,
283 913 469 952 revocatis
499 925 519 951 e
545 911 738 952 Dalmatia
771 913 956 953 militibus
974 945 985 964 ‚
1017 915 1339 954 dominationem
1357 929 1418 955 re-

119 976 245 1014 tinere
277 975 400 1014 nihilo
429 975 638 1014 modestior
666 975 788 1015 Cinna
820 977 1054 1018 conabatur:
1092 991 1216 1028 neque
1245 978 1413 1019 tribunis

118 1038 247 1090 plebis
275 1039 324 1078 ad
351 1039 509 1078 comitia
541 1038 719 1078 habenda
751 1041 874 1079 redire
903 1041 1130 1090 jubentibus
1170 1041 1414 1093 obtempera-

116 1101 210 1150 bat,
237 1102 361 1141 donec
385 1101 421 1140 se
437 1101 701 1152 ,magistratum
723 1103 759 1141 ei
783 1102 1036 1153 abrogaturos
1059 1104 1146 1143 sunt
1167 1105 1315 1144 minati.
1338 1104 1417 1145 Sed

116 1165 300 1213 comitia,
339 1164 430 1204 licet
457 1165 638 1215 repetita²
668 1165 744 1203 fine
768 1165 935 1205 successu
966 1167 1152 1209 fuerunt:
1188 1167 1305 1207 semel
1336 1168 1413 1208 avi-

114 1227 189 1268 bus
212 1242 291 1268 non
311 1229 609 1277 addicentibus,
633 1229 670 1267 in
694 1229 807 1268 aliam
830 1231 959 1279 diem3
986 1232 1150 1279 iterum,
1175 1231 1261 1281 quia
1291 1231 1410 1271 Lunae

117 1291 342 1342 Cererisque
369 1294 470 1331 taeta
505 1292 553 1331 de
588 1291 688 1331 coslo
718 1292 807 1332 fana
837 1302 969 1343 erant,
1003 1307 1049 1334 ex
1080 1293 1326 1344 haruspicum
1354 1307 1410 1333 re-

112 1352 253 1405 sponso
272 1385 282 1403 ,
320 1354 404 1405 post
433 1353 634 1393 solstitium
671 1352 800 1393 dilata.
835 1355 895 1395 Ne
923 1363 1006 1394 tum
1038 1356 1199 1405 quidem
1229 1354 1410 1396 suffetius

112 1414 315 1466 quisquam
342 1416 415 1464 est,
432 1423 593 1466 totoque
616 1429 716 1455 anno
744 1415 984 1456 consulatum
1008 1416 1134 1456 Carbo
1160 1416 1261 1456 solus
1287 1417 1407 1467 gellit.

167 1479 292 1519 XVII.
322 1479 470 1519 Interea
491 1478 596 1520 Sulla
623 1479 848 1519 ordinandis
875 1480 1026 1520 Graeciae
1053 1480 1166 1520 rebus
1191 1494 1259 1532 per
1285 1480 1407 1522 Thes.

109 1539 245 1580 saliam
276 1542 484 1595 incedens,
522 1551 678 1593 propter
707 1541 884 1581 Archelai
920 1541 1123 1592 morbum,
1153 1543 1304 1584 Larissae
1336 1557 1404 1595 pet

110 1604 260 1655 aliquot
282 1605 370 1649 ,dies
405 1604 586 1644 substitit:
625 1604 781 1654 ejusque
815 1617 896 1643 non
923 1603 1029 1645 secus
1066 1607 1144 1655 egit
1175 1617 1336 1653 curam,
1364 1617 1411 1644 ac

109 1666 139 1706 fi
168 1665 337 1717 legatus,
368 1675 434 1706 aut
461 1665 610 1717 collega
634 1666 746 1705 foret.
777 1666 882 1705 unde
904 1679 1076 1705 rumores
1101 1667 1196 1714 orti,
1224 1682 1294 1705 non
1320 1668 1414 1720 opti-

111 1745 170 1768 ma
188 1731 264 1781 fide
280 1742 477 1783 pugnatum
502 1731 539 1767 in
563 1731 704 1768 Baeotia
729 1728 792 1781 ff
807 1745 823 1777 ,-
840 1729 1087 1781 praemiumque
1108 1729 1323 1781 proditionis
1346 1730 1411 1768 hoc

109 1792 294 1835 Archelao
319 1792 423 1830 dari.-
456 1792 741 1843 quemadmodum
763 1805 832 1828 non
857 1791 934 1829 alia
956 1792 997 1828 de
1019 1792 1125 1843 causa
1149 1803 1294 1828 necatus
1317 1804 1410 1828 unus

109 1854 263 1893 omnium
277 1853 511 1892 Mithridatis
535 1855 720 1892 amicorum
736 1853 868 1906 Aristio
877 1853 975 1905 foret
990 1852 1193 1906 ‚(ceteros
1216 1854 1320 1892 enim
1343 1865 1404 1892 ac-

110 1924 223 1965 cepta
255 1914 366 1954 classe
391 1914 497 1955 Sulla
535 1914 757 1968 dimiserat)
793 1915 972 1954 Archelao
1003 1916 1147 1967 discors.
1184 1915 1307 1954 Etiam
1334 1928 1408 1965 ap-

107 1978 273 2031 pellatus
299 1979 347 2018 ab
372 1977 477 2019 Sulla
503 1977 626 2018 socius
655 1980 691 2017 δε
718 1978 862 2018 amicus
890 1978 1028 2028 populi
1061 1979 1226 2018 Romani
1256 1979 1406 2029 Cappa-

109 2041 213 2089 dox,
241 2042 411 2092 acceptis
438 2040 592 2091 insuper
628 2041 765 2079 decem
795 2039 968 2079 millibus
1003 2042 1182 2091 jugerum
1219 2043 1296 2091 agri
1330 2041 1405 2080 Eu«

108 2105 239 2154 boici,
261 2106 301 2144 in
331 2107 492 2146 eandem
522 2106 775 2156 suspicionem
807 2104 1040 2144 trahebatur.
1077 2118 1160 2155 quae
1192 2105 1298 2145 Sulla
1324 2104 1403 2155 ipse

109 2167 152 2206 in
174 2169 457 2208 commentariis
480 2168 554 2207 suis
580 2167 697 2207 relata
721 2168 846 2208 diluit.

165 2229 310 2269 XVIII.
343 2231 410 2270 Per
438 2230 668 2271 Thessaliam
699 2230 842 2269 deinde
871 2232 906 2269 ὃς
934 2229 1210 2270 Macedoniam
1238 2230 1287 2268 ad
1311 2228 1404 2270 Hel.

109 2289 330 2342 lespontum
361 2292 519 2332 ducenti
552 2301 801 2348 occurrerunt
834 2292 954 2343 legati
980 2291 1247 2341 Mithridatis,
1276 2300 1405 2337 ceteras

166 2425 188 2467 ς
213 2425 288 2457 XV.
309 2425 398 2459 Plut.
420 2425 565 2469 Appian.
589 2425 610 2470 ἓ
631 2425 726 2459 XVI.
750 2426 876 2471 Vellej·
906 2438 925 2460 2
941 2453 949 2466 ,
965 2437 1021 2465 24.
1043 2426 1120 2459 Liv.
1141 2427 1233 2472 Epit.
1251 2427 1341 2461 Plut.
1361 2427 1398 2460 in

115 2470 202 2502 Suu.
226 2481 254 2502 c.
279 2470 333 2509 46.
357 2470 501 2502 Diodor.
529 2483 583 2515 ap.
610 2471 707 2503 Fulv.
733 2471 843 2506 Ursin.
875 2472 897 2517 §
925 2471 1036 2511 XVII·
1062 2469 1170 2508 Strab'.
1192 2474 1217 2507 l·
1241 2482 1263 2518 9
1286 2472 1321 2508 ὅ(
1340 2483 1398 2508 12·

111 2512 204 2549 Piut.
231 2515 379 2560 Appian.
396 2515 554 2551 Mithrid.
578 2515 722 2554 Diodor.
