1638 2937
300 185 366 234 '26
439 187 531 234 JO.
579 186 1095 235 FREINSHEMII
1130 189 1490 240 SUPPLEM.

303 293 394 332 'Non
414 293 510 347 poffe
533 293 757 344 diffi‘mulari‚
774 306 837 333 aut
857 295 978 348 nesciri
991 324 1003 342 ‚
1028 309 1102 347 quae
1117 297 1155 334 in
1176 296 1348 349 conspeflu
1363 297 1493 351 populi
1512 299 1585 336 Ro.

302 356 399 393 mani
411 358 486 408 fint
507 359 598 396 affa.
619 358 682 394 hoc
706 357 932 409 inspiciente,
946 358 1152 410 cupidiffi’me
1176 360 1376 407 damnatos,
1392 361 1585 412 quicunque

298 427 363 454 aut
383 418 647 468 publicanorum
667 417 816 470 fraudes
831 419 991 471 severius
1013 419 1264 472 vindicaffent‚
1286 432 1349 458 aut
1360 420 1498 472 judicia
1508 423 1584 474 flu-

297 481 444 533 duiffi‘nt
467 484 665 530 emendare,
696 495 759 521 aut
787 497 990 535 quacunque
1019 484 1060 521 de
1085 485 1193 537 causa
1218 484 1343 521 iratum
1375 485 1467 523 lzunc
1491 485 1584 522 ordi-

293 557 371 581 mm
393 544 596 596 hahuiffent.

350 608 455 651 XVI.
485 614 597 663 Quem
617 613 706 652 enim
732 613 944 666 comminisci
963 614 1101 665 causam
1124 613 1234 651 aliam
1256 614 1375 666 poffi’,
1398 617 1493 667 quod
1514 618 1576 657 M.

296 676 451 712 Scaurus
471 676 633 727 princeps
649 675 797 726 senatus
814 704 825 722 ,
848 689 1054 727 quamquam
1079 676 1185 713 annis
1209 675 1245 712 fr·
1272 691 1407 729 corpore
1437 677 1580 715 invali-

293 737 385 783 dus,
403 738 452 787 fit
477 738 699 790 postulatus:
724 739 792 789 nist
812 739 895 790 quia
924 737 960 774 6·
981 738 1077 776 alias
1101 738 1234 790 semper
1258 740 1423 792 obstiterit
1453 740 1580 792 iniqua

287 800 562 851 flagitantibus,
589 801 624 839 δ’
642 814 750 852 nuper
770 803 885 837 auHor
908 800 1029 851 Druso
1045 799 1179 852 fuerit,
1194 800 1578 852 judicia‘adfi’natum

291 861 556 913 transferendi?
588 865 646 902 M.
674 865 832 910 Cottam,
857 861 1103 913 disertiffi'mum
1123 862 1384 915 adolescentem,
1412 878 1481 915 quo
1501 866 1579 903 alio

290 923 433 961 crimine
455 924 560 962 cecidi
589 939 630 972 e·,
656 938 759 976 quam
773 925 867 975 quod
889 923 935 961 P.
950 924 1125 961 Rutilium
1147 924 1359 961 avunculum
1378 923 1481 976 ficum
1497 924 1578 961 imi-

289 996 412 1030 tatus,
441 988 561 1022 rebium
581 985 754 1032 animum,
777 985 812 1022 δ’
834 984 1018 1022 ambitioni
1042 984 1330 1035 impenetrabilem
1359 984 1574 1037 praetuliffiet.

288 1044 368 1083 ideo
398 1046 557 1084 nimirum
581 1047 694 1084 tantis
725 1047 761 1084 in
788 1045 886 1084 illum
916 1045 1045 1083 animis
1077 1045 1176 1097 iviffe
1210 1047 1321 1084 iratos
1352 1047 1507 1098 equites,
1532 1062 1576 1096 ne

281 1108 388 1160 fitam
411 1109 543 1159 quidem
577 1108 786 1161 infamiam,
809 1110 931 1147 nedum
962 1109 1140 1161 publicam
1171 1109 1323 1155 veritos,
1335 1110 1372 1159 fi
1393 1108 1575 1147 Rutiliani

282 1170 415 1224 judicii
443 1171 690 1224 turpitudinem
715 1187 828 1211 recens
855 1172 996 1209 invidia
1022 1184 1210 1210 renovaret.
1238 1171 1317 1209 His
1345 1183 1418 1209 tam
1445 1171 1574 1209 veloci-

287 1231 352 1267 bus
375 1232 426 1268 ad
439 1232 626 1269 vincliffam
645 1233 841 1270 hominibus
858 1232 996 1285 judicia
1024 1233 1119 1269 tradi
1134 1233 1278 1284 perinde
1298 1232 1383 1285 effi,
1407 1247 1449 1271 ac
1461 1232 1574 1285 fisic-

281 1292 374 1344 riosb
395 1292 542 1343 gladius
562 1294 660 1330 detur
682 1294 770 1331 inter
794 1294 937 1332 inermes
962 1295 996 1332 δ’
1017 1293 1220 1333 imbecillos.

339 1361 464 1402 XVII.
496 1363 580 1400 Tam
604 1363 697 1401 brevi
719 1374 863 1416 tempore
883 1363 1002 1414 plures
1033 1362 1174 1414 confilio
1195 1364 1230 1402 δ’
1255 1363 1382 1400 virtute
1402 1364 1572 1415 praeflan-

282 1435 336 1461 tes
363 1424 460 1461 cives
485 1424 623 1476 amiffi25
647 1424 707 1476 effi
722 1455 734 1473 .‚
769 1439 872 1477 quam
887 1424 1045 1475 fhrtaffis
1067 1426 1170 1478 longo
1197 1427 1285 1464 bello
1314 1426 1486 1478 abfitmere
1507 1427 1570 1464 lto-

272 1485 373 1538 stilia
389 1500 484 1523 arma
500 1485 701 1538 potuiffivzt,
728 1488 851 1538 Neque
868 1487 975 1535 finem
993 1486 1093 1537 fore,
1109 1489 1215 1525 donec
1238 1488 1354 1525 eadem
1376 1487 1569 1540 accusandi

279 1547 423 1585 licentia
446 1549 554 1585 duret.
571 1550 684 1599 Quem
699 1548 787 1585 enim
809 1547 870 1599 effe
890 1562 960 1585 non
969 1547 1161 1599 senatorem
1179 1560 1314 1585 tantum
1328 1578 1339 1596 ‚
1351 1549 1417 1600 sed
1428 1550 1568 1586 omnino

279 1608 498 1659 honestiorem
524 1609 675 1660 aliquem
694 1609 824 1655 civem,
841 1608 897 1645 cui
920 1622 990 1645 non
1004 1607 1119 1660 fiterit
1143 1623 1217 1646 cum
1241 1609 1323 1655 lzis,
1337 1621 1399 1646 aut
1423 1609 1500 1646 illis
1505 1610 1568 1661 sb-

279 1670 408 1707 ciorum
431 1670 542 1708 multa
559 1670 797 1722 familiaritas
810 1701 822 1718 ‚
842 1671 876 1708 6³
893 1669 974 1715 inde
990 1670 1227 1722 suspicionum
1245 1670 1426 1716 materies,
1452 1672 1488 1709 ᾧ
1501 1672 1566 1710 cri-

278 1732 438 1770 minandi
471 1735 631 1784 occasio?
674 1734 757 1773 Jam
785 1746 889 1772 antea
908 1733 1003 1786 satis
1031 1734 1069 1771 in
1092 1735 1172 1770 urbe
1204 1733 1358 1779 irarum,
1375 1733 1472 1785 satis
1503 1735 1565 1771 in-

279 1796 384 1832 vidiae
419 1797 454 1835 6³
486 1797 742 1835 aemulcztionum
778 1796 850 1848 ff·
883 1796 954 1833 lzaec
988 1808 1058 1834 tam
1092 1795 1235 1833 inimica
1266 1794 1414 1847 publicae
1448 1795 1564 1847 saluti

277 1859 501 1908 opprimenda
521 1860 643 1912 potius
668 1858 703 1896 6»
723 1860 916 1897 excidenda
942 1858 1029 1910 eſje,
1059 1873 1162 1911 quam
1188 1869 1226 1896 ut
1249 1858 1342 1897 ultro
1370 1860 1562 1898 corrobores

273 1919 312 1957 ἃ
340 1932 483 1969 augeas.
715 1938 719 1942 -
1450 1949 1469 1969 ρ.

329 1986 475 2027 XVIII.
508 1989 660 2027 Unicum
686 1988 905 2042 praesentium
930 1988 1097 2028 malorum
1133 1989 1385 2034 levamentum,
1418 1986 1558 2025 unicam

275 2048 450 2085 meliorum
472 2061 654 2101 temporum
670 2051 767 2103 spem
783 2051 845 2103 ff
868 2052 906 2088 in
918 2052 1100 2089 concordia
1115 2051 1244 2089 civium
1265 2051 1450 2101 repositam.
1468 2049 1561 2087 hanc

273 2108 333 2160 qui
353 2109 516 2160 studeant
538 2110 730 2163 abrumpere
744 2143 756 2158 ,
782 2110 992 2162 quibuslibet
1015 2111 1166 2163 hostibus
1185 2109 1291 2161 pejus
1314 2109 1481 2147 timendos
1503 2121 1559 2145 at-

272 2185 336 2221 que
359 2171 613 2210 abominandos
637 2172 709 2224 effe.
736 2174 837 2224 Quid
855 2174 943 2210 enim
953 2173 1141 2225 futurum,
1176 2188 1188 2209 ι
1208 2187 1252 2209 ex
1269 2173 1397 2224 senatu
1421 2181 1482 2207 aut
1506 2169 1556 2207 le-

267 2234 408 2282 gatione
429 2235 555 2282 exciti,
577 2250 681 2286 quam
696 2235 886 2287 reipublicce
902 2249 1019 2272 curam
1045 2248 1246 2288 operamque
1271 2232 1453 2284 neceffario
1470 2244 1556 2269 tem-

265 2307 349 2344 pore
377 2298 541 2334 navaturi
555 2296 714 2348 fuerint,
727 2298 808 2350 suis
835 2297 1000 2347 periculis
1022 2308 1188 2349 cogantur
1211 2295 1433 2348 impendere?
1451 2294 1552 2345 peri-

267 2364 370 2390 {uras
396 2356 443 2391 rei
467 2356 547 2393 bene
570 2359 720 2407 gerendae
737 2358 911 2409 plurimas
927 2359 1140 2408 occafiones,
1159 2358 1285 2402 donec,
1306 2355 1365 2406 qui
1388 2354 1423 2391 in
1446 2354 1551 2403 confi-

273 2414 323 2452 lio
345 2415 485 2466 publico
514 2429 576 2454 aut
596 2420 773 2455 curatione
797 2419 918 2469 aliqua
932 2420 1006 2469 fint
1025 2419 1148 2470 positi,
1170 2416 1338 2471 sbllicitis
1358 2414 1550 2462 mentibus,

265 2475 350 2526 plus
367 2475 407 2512 de
421 2476 547 2514 civium
555 2478 698 2529 suorum
716 2476 857 2529 injuriis
869 2506 880 2524 ,
895 2491 1000 2530 quam
1020 2478 1061 2515 de
1073 2477 1214 2530 hostium
1227 2475 1334 2513 armis
1348 2475 1553 2528 cogitarent.
