1638 2937
240 226 302 260 20
359 208 439 257 JO.
456 206 679 255 FREINS.
698 203 857 252 SUPP.
876 203 940 250 IN
957 202 1098 250 LOC.
1117 202 1166 249 L.
1185 202 1355 250 LXXII
1372 203 1487 250 LIV.

227 318 438 368 ⁴septimum
459 312 590 353 consul
608 314 731 353 faetus
750 310 896 351 bellum
922 311 1112 360 integrum
1135 309 1336 360 acciperet.
1370 311 1516 360 Quam-

234 392 349 430 quam
365 377 488 419 Mario
508 375 654 415 confilii
673 374 726 413 sui
748 374 887 413 idonea
903 372 1012 411 causa
1027 380 1128 412 erat:
1145 373 1238 424 quod
1257 372 1344 410 enim
1358 372 1395 409 in
1413 373 1515 425 hosti-

228 457 271 481 co
290 441 413 479 bellum
429 438 527 491 ffg,
541 437 632 475 trahi
656 449 803 489 oportere
818 434 1031 474 identidem
1046 433 1312 472 ,submonebat
1324 446 1332 472 :
1341 433 1410 483 fibi
1427 434 1516 471 em'm

230 503 375 543 aliunde
397 515 468 539 non
494 499 672 551 defuturos
695 512 925 546 commeatus,
940 509 979 536 ac
996 497 1146 550 hostibus
1157 498 1261 549 suum
1283 510 1403 548 agrum
1426 496 1516 534 inter

230 563 408 614 utriufijue
439 561 553 612 partis
586 560 722 597 crebras
751 559 1000 612 populationes
1024 559 1160 595 minime
1189 557 1251 594 diu
1274 556 1515 610 suffiHurum:

231 623 363 661 interea
386 622 525 660 tironem
543 619 684 657 milltem
705 621 741 656 in
761 619 878 671 castris
893 619 1038 657 exerceri
1057 618 1160 670 poffi.
1186 617 1331 656 Frustra
1350 616 1432 656 haec
1456 617 1518 655 di-

232 684 443 731 cebantur,
459 694 529 721 nee
555 681 602 722 ab
619 681 746 719 animo
770 694 883 730 pravo
909 689 1022 730 atque
1046 679 1265 718 contumaci
1286 678 1416 717 consul
1441 679 1512 718 im-

231 756 382 797 petrare
413 745 564 795 potuit,
597 756 644 781 ne
667 743 793 793 potius
822 742 1045 781 damnosam
1073 740 1289 791 reipublicae
1317 742 1511 780 temerita-

231 812 313 845 tem
340 804 407 844 suo
437 817 525 842 cum
549 802 666 842 exitio
683 833 694 850 ‚
724 815 838 852 quam
864 801 1023 841 salubrIa
1049 801 1211 840 aliorum
1245 802 1391 842 monita
1419 813 1510 842 cum

233 866 511 908 incolumitatis
540 865 728 915 famaeque
749 877 887 915 magna
909 864 1112 915 mercede,
1138 862 1366 915 sequeretur.

282 1007 308 1052 5
332 1006 469 1045 XLVII.
493 1003 596 1042 Oros.
627 1015 643 1048 5
659 1031 670 1047 ‚
692 1004 741 1039 18.
766 1002 909 1037 Diodon
