1638 2937
230 167 311 214 {N
346 164 519 214 Loc.
568 165 698 212 ΜΒ.
745 165 961 213 Lxxvn
1013 168 1157 216 ων.
1262 178 1352 234 109

65 276 172 315 cium
197 272 451 314 abscondisset
476 271 694 321 jubentium
721 272 931 312 ostendere.
958 274 1058 313 Nam
1083 276 1266 324 quosdam
1286 291 1350 317 eo..

69 350 154 378 rum
171 368 182 386 ,
210 338 273 388 qui
294 351 315 376 a
343 335 519 375 Geminio
546 335 595 373 ad
618 333 889 374 retrahendum
915 336 1086 376 Marium
1114 351 1357 389 quoquoverae

71 400 158 440 sum
188 400 307 440 emilii
339 400 514 446 fuerant,
540 398 590 437 ad
622 397 720 437 iilud
750 398 985 448 tuguriolum
1016 399 1122 439 casus
1154 401 1356 444 detulerat,

69 464 107 505 Is
132 463 318 503 tumultus
348 463 546 501 hominem
567 462 803 512 proditionis
826 472 974 503 certum
1002 464 1174 515 subegit,
1195 475 1237 504 ut
1258 479 1354 506 exu-

68 528 120 565 tis
146 527 308 565 vestibus
332 526 373 564 in
402 524 584 575 paludem
610 524 647 563 se
672 527 945 576 immergeret,
972 526 1094 565 oculis
1120 536 1356 566 tantummo-

67 588 119 628 do
151 599 195 626 ac
226 588 378 626 naribus
404 586 647 626 exstantibus.
692 587 754 626 Sic
785 597 957 637 repertus
991 589 1281 639 exuat-rusque,
1311 599 1357 629 ut

66 657 151 688 erat
174 650 280 688 nudo
313 661 496 699 corpore,
536 647 629 686 limo
665 659 857 698 coenoque
887 648 1095 696 deformis,
1134 650 1277 698 injet‘to
1311 650 1354 690 in

69 710 216 750 collum
242 711 585 759 loro,'Minturnas
612 710 776 760 rapitur:
804 711 839 750 ἅ
865 711 959 750 dum
977 742 988 760 ,
1007 712 1100 762 quid
1125 712 1228 752 facto
1253 726 1357 763 opus

66 771 159 810 esset
172 803 184 820 ,
199 772 431 823 magistratus
450 771 688 818 deliberant,
707 771 977 811 custodiendus
998 773 1047 811 ad
1071 773 1171 812 aedes
1194 773 1358 814 Fanniae,

66 833 253 880 mittitur,
278 847 360 883 quae
383 833 433 871 ob
461 841 630 871 veterem
656 831 840 871 offensam
866 834 959 872 irata
982 834 1109 873 Mario
1134 834 1356 884 putabatur.

121 895 329 936 XXXVII.
358 896 458 935 Nam
481 894 585 933 sexto
610 897 691 944 ejus
721 894 942 943 consulatu,
965 897 1164 945 repudiata
1185 910 1205 935 a
1229 896 1269 936 C.
1285 897 1354 937 Ti-

66 957 189 997 tinnio
210 956 499 1004 Minturnense,
525 955 678 995 causam
704 957 864 996 dixerat.
895 958 1089 997 Titinnius
1112 958 1238 1009 ampla
1259 960 1354 998 dote

66 1019 228 1071 spoliare
252 1021 447 1070 cupiverat
471 1019 696 1067 mulierem,
721 1021 976 1070 impudicitiae
1001 1022 1159 1060 crimine
1182 1023 1356 1072 objectO.v

68 1083 145 1123 Sed
169 1082 341 1131 illarius,
366 1082 477 1121 causa
503 1082 654 1132 cognita
670 1113 682 1131 ‚
711 1083 884 1121 Fanniam
911 1084 1120 1138 impudicam
1140 1085 1251 1123 videri
1265 1096 1358 1138 pro-j

66 1143 274 1190 nuntiavit,
300 1143 522 1195 mulffamque
552 1144 583 1181 ei
613 1143 706 1182 dixit
723 1143 910 1196 sestertium
939 1158 1111 1183 nummum
1136 1161 1147 1184 :
1175 1146 1209 1186 T
1213 1147 1352 1186 itinnio

66 1203 253 1255 praecepit
268 1234 280 1250 ‚
309 1214 349 1241 ut
369 1205 479 1241 dotem
497 1204 630 1242 mulieri
650 1205 830 1256 restitueret
844 1220 860 1251 ,-
888 1206 997 1257 quod,
1028 1220 1130 1256 quam
1146 1208 1356 1259 impudicam

66 1265 132 1318 ff
150 1264 291 1319 sclſji’t,
317 1280 390 1303 eam
413 1266 569 1317 pecuniae
595 1266 782 1316 infidiatus
813 1267 987 1313 duxerat,
1023 1268 1149 1319 diuque
1182 1270 1356 1306 marimo«

67 1327 129 1365 nio
158 1326 232 1378 ejus
262 1327 346 1379 usus
365 1326 500 1378 ficerat.
534 1321 681 1366 Fannia
704 1334 835 1366 tamen
861 1327 1037 1366 beneficii
1070 1330 1210 1380 magis,
1238 1343 1355 1381 quam.

66 1387 238 1436 injuriae,
263 1400 436 1435 memor,
454 1387 741 1438 quibuscunque
763 1389 891 1439 potuit
919 1389 1053 1429 officiis
1077 1391 1235 1440 adjuvit.
1270 1392 1351 1433 Un-

69 1451 120 1488 de
140 1448 286 1488 Marius
314 1447 490 1498 hilarior,
510 1449 726 1489 collaudata
752 1450 922 1490 mulieris
946 1451 1168 1500 voluntate,
1189 1453 1269 1506 fhre
1280 1455 1356 1506 fibi

69 1514 248 1550 reddenda:
279 1512 403 1565 gnztiae
429 1515 625 1566 potestatem
654 1513 762 1552 laetus
792 1513 1024 1565 gestiensque
1043 1515 1248 1566 praedicat:
1273 1518 1352 1571 ejus

68 1575 160 1612 enim
192 1575 238 1612 rei
269 1587 392 1613 certum
415 1577 456 1628 ft
492 1578 591 1614 modo
623 1591 718 1615 omen
745 1577 916 1629 accepiſje.

138 1636 367 1677 XXXVIII.
409 1638 533 1678 Pudet
567 1638 704 1678 referre
732 1639 937 1679 vaniffimae
966 1640 1240 1692 superstitionis
1273 1642 1359 1682 sor--⁸

70 1699 163 1738 des:
192 1699 259 1737 nifi
289 1699 350 1738 vel
374 1700 461 1739 ideo
484 1701 603 1752 magis
633 1700 719 1740 sunt
744 1702 974 1749 referendae,
999 1714 1041 1742 ut
1072 1704 1358 1755 intelligamus,

71 1774 190 1811 quam
213 1762 315 1812 turpi
343 1762 536 1802 dementia
563 1764 698 1802 orbem
722 1772 904 1803 terrarum
928 1763 1136 1805 Christiana
1155 1766 1357 1818 disciplina.

68 1823 300 1864 liberaverit.
331 1825 415 1865 Post
429 1836 574 1866 tantam
596 1839 723 1866 rerum
749 1827 1043 1877 experientiam,
1063 1831 1120 1867 vir
1140 1829 1268 1868 animo
1292 1844 1357 1880 ge-

69 1885 208 1936 stisque
228 1885 342 1926 rebus
359 1889 551 1928 maximus
564 1919 575 1938 ,
590 1902 707 1939 quarn
725 1902 746 1928 a
767 1889 913 1929 ratione
936 1890 1139 1940 impetrare
1155 1905 1232 1930 non
1248 1901 1357 1942 pote«

73 1957 134 1988 rat
157 1949 492 2000 tranquillitatem,
517 1950 565 1990 ab
590 1951 679 1990 alini
710 1950 851 1990 obtutu
885 1963 930 1990 ac
959 1964 1056 1990 voce
1080 1952 1218 1992 sumsit.
1256 1954 1360 1994 Nam,

73 2022 167 2049 cum
185 2011 234 2049 ad
254 2011 408 2051 Fanniae
438 2013 601 2051 domum
625 2011 813 2051 adductus
837 2021 917 2051 erat
937 2012 1110 2062 Marius,
1133 2012 1265 2052 relicto
1289 2027 1362 2063 pa·-

77 2071 172 2112 bulo
194 2086 447 2124 prorumpens
473 2087 494 2113 e
519 2072 665 2112 foribus
691 2073 858 2123 animal,
877 2087 926 2113 ex
950 2073 1106 2114 adverso
1127 2075 1244 2114 Marii
1267 2087 1360 2113 con-

74 2134 192 2174 stitit:
213 2138 248 2174 ὃς
264 2134 407 2174 blande
430 2136 631 2175 hominem
655 2137 837 2184 intuitus,
861 2135 1178 2187 luculentumque
1203 2137 1358 2185 rudens,

75 2196 128 2235 ad
144 2197 313 2235 vicinum
330 2198 477 2237 fontem
495 2199 744 2249 procucurrit.
775 2199 926 2238 Idcirco
944 2198 1090 2238 Marius
1101 2197 1254 2251 salutem
1275 2213 1356 2250 por-

75 2259 171 2296 tendi
194 2257 295 2296 fatus
308 2288 319 2305 ,
334 2260 484 2312 obserari
503 2259 652 2311 januam
673 2259 848 2305 cubiculi,
871 2272 909 2297 ut
923 2262 963 2311 se
982 2259 1088 2311 quieti
1109 2261 1228 2306 daret,
1242 2259 1359 2308 juffit.

128 2320 326 2360 XXXIX.
343 2320 491 2360 interea
513 2320 770 2372 magistratus,
783 2322 858 2373 fine
868 2336 962 2360 mora
979 2323 1021 2359 de
1038 2323 1150 2361 medio
1170 2320 1362 2360 tollendum

123 2444 147 2489 5
181 2444 339 2476 XXXVI.
372 2444 447 2476 L'w.
484 2445 574 2488 Epit.
606 2444 728 2489 Vellej.
754 2455 796 2486 2,
833 2454 882 2487 19.
917 2445 994 2478 val.
1023 2445 1115 2479 Max.
1143 2445 1183 2488 8,
1213 2456 1244 2478 2.
1271 2446 1363 2479 Plut,

80 2489 105 2536 5
134 2489 307 2526 XXXvu.
336 2489 426 2526 mut.
453 2492 530 2528 Val.
555 2489 648 2526 Max.
673 2490 697 2536 5
720 2489 914 2530 XXXVIII.
938 2491 1015 2528 Vax.
1035 2491 1132 2527 Max.
1158 2503 1198 2533 ι,
1221 2502 1252 2534 5.
1273 2491 1365 2528 Plut.
