1638 2937
213 161 297 208 IN
327 159 503 206 LOC.
547 157 688 203 LIB.
734 155 936 202 LXXIX
980 156 1130 203 LIV.
1248 160 1338 217 143

53 262 102 305 lis
136 273 385 316 putarentur,
423 263 707 315 quamprimum
742 261 898 309 reduci,
935 261 1046 299 valde
1073 259 1343 300 existimabant

56 327 107 366 ad
135 328 299 366 rationes
326 325 409 365 suas
435 316 634 375 pertinere.
673 323 773 362 Cum
797 321 861 360 hic
882 322 1058 359 omnium
1082 319 1206 358 sensus
1232 319 1345 366 estet,

55 388 162 428 haud
193 389 394 428 difficulter
426 387 600 426 obtinere
628 385 749 425 Cinna
788 384 937 435 potuit,
970 392 1012 421 ut
1051 383 1152 421 dicia
1189 382 1253 421 sua
1284 383 1343 420 fa-

55 458 189 488 ventes
221 452 468 500 exciperent:
508 447 688 496 brevique
719 455 894 496 tempore
930 444 1218 483 formidabilem
1250 445 1344 482 civi-

56 511 126 549 tati
157 512 371 561 potentiam
399 508 650 560 comparavit.
695 508 796 547 Nam
819 520 946 556 neque
975 505 1059 546 Itali
1092 505 1256 555 segniter
1282 518 1348 554 pe-

55 574 212 612 cuniam
241 572 415 622 virosque
441 570 684 621 praebebant3
713 572 748 609 ἃ
776 568 985 608 affluebant
1017 567 1064 607 ab
1092 567 1187 606 urbe
1211 568 1348 616 quoti-v

58 634 122 675 die
137 664 149 680 ,
174 633 312 684 quibus
341 630 502 682 praesens
525 630 738 681 respublica
758 629 995 680 displicebat.

112 697 262 737 XXIV.
296 695 446 735 Idcirco
472 708 521 735 ex
554 692 769 733 delectibus
794 705 984 731 novorum
1012 690 1152 729 civium
1187 687 1348 738 triginta

57 758 279 810 legionibus
307 757 476 806 effectis,
509 765 553 795 ut
579 756 848 796 auctoritatem
881 763 996 804 atque
1025 752 1183 803 gratiam
1206 751 1351 790 viribus

57 823 240 870 adderet,
272 821 314 861 C.
340 821 537 866 Matium,
566 817 790 868 ceterosque
824 815 999 863 exsules,
1027 816 1077 854 ad
1103 815 1351 853 communio-

59 895 151 921 nem
186 881 433 920 consiliorum
467 882 502 920 δε
528 878 604 929 spei
641 878 825 918 evocavit.
865 877 1012 916 Interea
1042 877 1110 915 Cn.
1139 876 1358 923 Octavius,⁴

60 943 103 984 L.
130 942 281 983 Merula
312 940 486 980 consules
519 939 697 980 adversus
730 938 917 990 provisam
948 938 1213 988 tempestatem
1248 936 1355 976 foliis

61 1002 332 1053 moenibusque
362 1001 585 1052 reparandis
614 999 840 1039 muniebant
865 998 1027 1039 urbem:
1064 998 1260 1036 machinas
1293 997 1355 1036 lo-

64 1065 120 1103 cis
142 1063 291 1102 idoneis
319 1062 598 1113 disponebant:
625 1065 688 1108 δι,
714 1064 804 1111 quia
828 1075 906 1100 non
931 1061 1182 1100 abundabant
1208 1061 1354 1111 copiis,

63 1124 309 1175 Metelloque
331 1123 467 1175 procul
492 1131 629 1174 agente
645 1154 656 1171 ,
672 1122 788 1173 longa
808 1121 892 1172 spes
915 1122 1144 1161 auxiliorum
1164 1132 1266 1170 erat,
1281 1122 1357 1159 eir..

65 1200 157 1228 cum
193 1188 305 1226 urbes
335 1187 498 1237 imperio
526 1194 725 1237 parentes,
767 1186 801 1223 St
837 1184 878 1222 in
917 1183 1153 1235 Cisalpinam
1191 1181 1358 1224 Galliam

65 1248 288 1289 miffitando
307 1278 318 1296 ‚
348 1248 561 1287 exercitum
587 1243 877 1286 contrahebant.

131 1311 262 1351 XXV.
301 1309 360 1349 Ad
388 1305 459 1344 Cn.
490 1317 644 1354 quoque
678 1303 908 1354 Pompejum
947 1302 1216 1352 proconsulem
1245 1304 1362 1350 legati

65 1370 240 1417 iverant,
262 1370 325 1418 qui
355 1368 405 1406 ad
426 1367 666 1406 Adriaticum
694 1380 797 1405 mare
814 1396 824 1414 ‚
850 1366 915 1404 ubi
941 1364 1111 1414 reliquiae
1135 1362 1263 1401 adhuc
1284 1363 1363 1402 Ita-

68 1431 251 1478 licorum,
269 1429 326 1470 M.
346 1428 578 1479 Lamponio,
593 1429 653 1469 Ti.
672 1428 822 1478 Cleptio
847 1426 1032 1473 ducibus,
1050 1425 1215 1476 agebant
1228 1455 1239 1473 ,
1257 1437 1365 1464 exer-

70 1493 166 1532 citui
183 1492 359 1531 Romano
387 1497 553 1541 praeerat.
602 1491 677 1530 Sed
702 1489 790 1538 ille,
811 1490 898 1539 quia
921 1489 1117 1527 frustratus
1147 1486 1210 1537 spe
1236 1487 1365 1524 conti-

70 1555 216 1596 nuandi
250 1553 469 1594 consulatus
505 1553 654 1600 fuerat,
687 1552 784 1591 nihil
809 1552 857 1591 ad
890 1549 1194 1601 rempublicam,
1223 1549 1287 1588 sed
1311 1549 1364 1588 ad

72 1618 180 1657 suam
213 1615 420 1655 utilitatem
449 1615 579 1654 omnia
613 1614 768 1654 consilia
794 1614 987 1658 referens,
1024 1613 1074 1651 ita
1104 1611 1140 1650 se
1171 1610 1333 1650 dubium
1351 1642 1364 1661 ,

77 1682 114 1720 ἃ
142 1679 242 1718 inter
269 1677 446 1727 utrosque
471 1678 685 1726 ancipitem
721 1675 853 1726 gessit,
886 1684 927 1712 ut
957 1674 1137 1713 Cinnanae
1175 1673 1332 1712 faelioni
1353 1703 1368 1721 ‚

75 1753 192 1791 quam
226 1739 274 1778 ab
306 1738 417 1777 initio
457 1737 643 1776 facillime
681 1745 849 1775 evertere
876 1734 1086 1786 potuisset,
1112 1733 1208 1772 vires
1238 1734 1369 1782 daret,

75 1814 149 1841 nec
177 1801 244 1840 nisi
278 1799 487 1853 profligatae
511 1800 590 1848 jam
618 1798 867 1849 optimatium
899 1795 1019 1835 causae
1041 1795 1285 1834 succurreret.

131 1861 280 1904 XXVI.
313 1861 489 1901 Adunato
516 1861 633 1911 igitur
658 1861 830 1901 exercitu
846 1890 858 1906 ‚
889 1871 979 1896 cum
996 1866 1086 1896 ante
1112 1866 1259 1906 portam
1280 1856 1368 1897 Col-

26 1935 30 1937 ’
78 1926 194 1966 linam
226 1924 341 1964 castra
371 1922 579 1974 posuiffet3
612 1922 751 1961 eodem
777 1924 812 1961 ὃ(
838 1920 959 1960 Cinna
995 1931 1083 1957 cum
1108 1919 1275 1958 Sertorio
1308 1918 1370 1957 su-

80 1988 282 2041 pervenit,
322 1999 448 2037 neque
480 1985 603 2024 multo
639 1984 779 2023 abinde
813 1980 1013 2021 intervallo
1050 1980 1166 2019 castra
1205 1989 1371 2019 metatus

81 2051 146 2091 est.
173 2051 302 2101 Pugna
325 2049 467 2088 deinde
487 2050 587 2087 inter
607 2046 815 2087 Sertorium
840 2047 875 2085 ἅ
897 2044 1124 2093 Pompejum
1149 2042 1367 2089 commiffa,

83 2127 173 2153 cum
201 2115 251 2153 ad
289 2113 490 2152 sexcentos
525 2111 770 2159 cecidissent,
805 2111 1018 2148 interventu
1049 2108 1170 2146 noetis
1205 2108 1372 2146 diremta.

84 2177 148 2216 est.
177 2176 229 2215 Eo
260 2183 433 2225 tempore
461 2174 600 2213 accidit
625 2185 682 2211 res
703 2171 806 2211 ,saeva
835 2173 870 2210 ἃ
894 2169 1108 2216 horribilis,
1141 2176 1183 2206 ut
1210 2169 1373 2218 Pompe-

84 2241 195 2290 janus
222 2237 331 2279 miles
359 2238 517 2277 fratrem
543 2248 593 2276 ex
618 2234 774 2275 adversa
805 2235 889 2273 acie
917 2234 1096 2284 ignorans
1127 2233 1372 2282 ignorantem

136 2353 489 2399 §XX111.P1ut.in
515 2352 602 2386 Mar.
626 2365 653 2385 c.
677 2351 731 2394 69.
766 2351 914 2394 Appian.
942 2350 1035 2383 civil
1062 2349 1292 2394 l.1.Vellej
1322 2359 1372 2389 2

95 2410 152 2433 20.
172 2400 246 2431 Liv.
272 2400 320 2440 Ep
325 2399 362 2431 it.
388 2399 408 2442 §
437 2399 563 2431 XXIV.
593 2396 723 2430 Sallust.
752 2396 896 2428 Diodor.
921 2395 942 2426 l.
969 2405 1021 2437 37.
1039 2394 1162 2438 Vellej.
1184 2395 1259 2427 Liv.
1280 2375 1376 2439 Epiri

96 2444 120 2489 5
145 2444 253 2482 XXV.
277 2441 379 2480 Oros.
400 2453 442 2486 5,
465 2453 498 2487 9.
516 2442 593 2478 Liv.
615 2442 708 2488 Epit.
734 2440 857 2486 Vellei.
878 2440 1028 2486 Appiam.
