1638 2937
313 187 403 235 330
475 173 1489 249 JO.FRE1NSHEMIISUPPLEM‚

304 281 412 330 pias,
441 282 629 322 Sertorius
651 296 803 334 quoque
823 298 844 323 e
868 283 1030 325 collibus
1049 285 1272 325 instructum
1296 287 1459 327 ostendit
1481 299 1585 326 exer-

306 342 450 392 citum,
479 344 704 395 effecitque,
742 360 790 384 ne
819 347 1026 398 Pompejus
1061 350 1362 399 progrederetur.
1403 351 1460 390 Ita
1489 363 1581 401 prae-

302 409 362 440 ter
396 403 538 454 duplex
571 406 783 455 damnum,
812 409 947 447 eadem
985 408 1148 448 sollertia
1186 409 1362 460 illatum,
1396 411 1583 461 speetato-

302 475 383 502 rem
422 479 574 516 quoque
601 480 687 506 eum
723 467 841 508 cladis
871 469 1024 509 suorum
1055 471 1262 510 constituit.
1301 473 1389 512 Hoc
1414 473 1583 522 primum

304 527 486 575 proelium
514 530 610 568 inter
638 533 845 571 Sertorium
881 535 917 572 &-
943 533 1171 583 Ponipejum
1206 535 1289 574 fuit.
1326 535 1461 573 decem
1495 533 1583 573 mil-
1633 583 1638 587 .

304 588 352 628 lia
381 589 583 632 hominum
613 595 661 633 de
688 595 863 645 Pompeji
898 596 1090 642 exercitu,
1126 609 1215 635 curn
1243 598 1424 645 jumentis
1457 600 1492 637 Sc
1521 610 1584 636 ca-

303 651 455 693 lonibus
484 655 613 695 amissa
637 655 735 695 sunt.
766 658 974 708 Pompejus
1005 657 1068 696 vix
1091 656 1266 708 reliquias
1291 658 1503 697 incolumes
1527 671 1584 697 re-

302 713 425 754 duxit.

354 778 448 818 XX.
479 779 555 818 Hic
592 787 748 820 eventus
779 781 895 821 etiam
923 782 1220 821 Lauroneniium
1253 783 1369 834 fregit
1407 784 1582 831 animm,

302 851 427 888 neque
453 840 517 879 diu
548 844 739 891 cunctati,
760 844 1021 883 concesserunt
1046 845 1085 883 in
1108 845 1263 885 Sertorii
1288 845 1415 885 fidem.
1432 846 1466 885 Is
1488 859 1583 896 prae-

302 898 391 938 dam
416 900 528 939 militi
554 903 760 953 conceffit,
785 905 934 954 θᾶίξὶο,
961 907 1078 944 liberis
1093 908 1289 959 corporibus
1305 909 1357 946 uti
1371 921 1586 960 parceretur:

301 963 492 1013 direptam
521 965 663 1004 deinde
688 967 823 1006 urbem
851 969 1049 1016 incendit,
1076 982 1155 1007 non
1181 969 1434 1018 crudelitate,
1461 982 1483 1008 a
1507 982 1582 1019 qua

301 1026 364 1065 vix*
396 1027 494 1066 ullus
520 1042 687 1079 unquam
720 1032 800 1070 dux
824 1031 983 1070 alienior
1007 1033 1106 1080 fuit3
1149 1033 1213 1072 sed
1236 1042 1278 1072 ut
1299 1047 1346 1072 ex
1368 1042 1474 1073 tanta
1502 1034 1584 1072 exi-

299 1085 513 1126 stimatione
552 1090 734 1141 Pompejo
769 1101 986 1131 contemtus
1025 1094 1129 1143 apud
1174 1093 1353 1132 barbaros
1395 1096 1581 1137 oriretur:

298 1162 375 1197 quo
407 1150 668 1201 iiispeclante,
707 1155 742 1193 δέ
782 1162 933 1192 tantum
967 1167 1046 1192 non
1084 1154 1250 1193 flammis
1284 1155 1446 1194 incensae
1485 1155 1583 1194 cale-

294 1210 417 1259 facto,
442 1214 530 1252 urbs
558 1215 660 1254 socia
693 1218 728 1254 ἃ
763 1218 887 1255 amica
917 1215 1163 1266 deflagraffet.
1204 1217 1487 1266 Lauronenses,
1512 1218 1578 1268 qui

298 1273 487 1313 obsidioni
524 1276 810 1327 superfuerant,
845 1278 884 1316 in
919 1277 1150 1317 Lusitaniam
1187 1278 1373 1317 Sertorius
1409 1279 1581 1319 deduxit.

296 1333 341 1373 In
371 1349 413 1375 ea
452 1338 665 1388 direptione
701 1339 808 1379 miles
846 1342 1005 1390 quidam
1043 1339 1203 1379 muliere
1230 1340 1457 1380 Lauronenfi
1489 1355 1582 1392 prae-

298 1406 356 1437 ter
385 1408 556 1441 naturam
591 1403 754 1452 abusus,
794 1405 915 1444 oculis
952 1403 1157 1443 muletatus
1191 1403 1268 1451 est,
1300 1417 1395 1453 quos
1427 1405 1580 1444 direffls

299 1461 338 1498 in
371 1475 436 1501 eos
472 1464 603 1515 digitis
635 1466 770 1506 mulier
809 1467 1008 1506 effoderat.
1047 1466 1103 1505 Re
1137 1466 1186 1504 ad
1216 1465 1487 1515 imperatorem
1515 1467 1579 1505 de-

298 1521 376 1562 lata
390 1555 403 1570 ,
431 1536 518 1563 cum
535 1526 634 1566 fad‘ta
652 1529 686 1567 ἃ*
705 1527 855 1567 causam
884 1527 1079 1567 didicisset
1096 1557 1106 1575 ‚
1125 1526 1293 1565 infensus
1307 1534 1416 1565 tanto
1435 1527 1580 1566 militiae

296 1584 502 1635 dedecori,
535 1589 723 1640 integram
751 1589 975 1636 cohortem,
1010 1588 1086 1628 hoc
1121 1601 1239 1638 genus
1271 1588 1421 1638 flagitiis
1455 1588 1580 1628 famo-

296 1645 398 1693 sam,
427 1647 517 1688 licet
550 1650 723 1690 Romana
750 1652 867 1701 effer,
898 1651 1050 1691 delevit.
1076 1651 1284 1701 Pompejus
1307 1660 1435 1689 tamen
1460 1652 1583 1701 impe.

295 1715 380 1746 tum
406 1710 559 1750 Sertorii
587 1715 741 1753 viCtoris
757 1745 768 1762 ‚
797 1726 1031 1765 quamquam
1056 1712 1164 1751 novis
1186 1712 1392 1760 militibus,
1425 1714 1459 1752 6<
1481 1713 1580 1751 mul-

294 1780 335 1808 to
361 1774 631 1822 paucioribuS,
671 1776 868 1817 sustinuit:
909 1790 998 1816 nam
1027 1775 1203 1815 adversus
1236 1775 1428 1825 sexaginta
1458 1776 1578 1817 millia

291 1833 471 1880 peditum
489 1865 498 1882 ‚
516 1848 654 1875 novem
681 1839 853 1887 equitum
868 1869 878 1886 ‚
903 1852 983 1877 non
1007 1837 1107 1877 ultra
1123 1838 1278 1888 triginta
1295 1839 1470 1888 peditum
1493 1838 1580 1878 mil-

292 1891 368 1941 lia,
400 1896 434 1934 Sc
457 1896 560 1934 mille
585 1900 729 1948 equites
757 1901 983 1940 adduxerat.

363 1958 476 1998 XXI.
512 1961 604 2000 Haec
640 1975 683 2000 ea
709 1961 831 2001 aestate
862 1963 901 2000 in
930 1962 1112 2013 Hispania
1145 1964 1254 2013 gesta.
1306 1975 1393 2002 cum
1437 1963 1578 2003 deinde

292 2027 449 2071 tempus
485 2025 573 2062 anni
613 2026 809 2064 adversum
839 2026 1149 2077 expeditionibus
1187 2026 1261 2064 effe
1294 2025 1495 2077 coepisset,'
1521 2028 1578 2066 di-

292 2085 383 2123 versi
417 2085 661 2136 imperatores
686 2089 724 2127 in
751 2088 909 2135 hiberna
933 2089 1186 2129 discesserunt.
1217 2090 1283 2129 Cn.
1307 2090 1513 2140 Pompeius
1538 2092 1574 2129 Sc

293 2148 344 2196 Q.
371 2147 551 2188 Metellus
586 2150 687 2188 eirca
711 2151 957 2201 Pyrenaeum,
989 2151 1085 2188 inter
1115 2150 1328 2189 saevissimos
1361 2149 1507 2197 hostes,
1535 2151 1576 2190 in

294 2209 421 2249 castris
453 2210 692 2252 hiemarunt:
723 2213 907 2252 Sertorius
938 2225 1027 2251 cum
1060 2213 1246 2263 Perperna
1271 2213 1310 2250 in
1344 2213 1577 2252 Lusitaniam

292 2270 484 2317 profectus
512 2272 574 2312 est.
602 2273 669 2312 Per
690 2272 771 2312 haec
799 2282 971 2324 tempora
990 2276 1219 2314 continuum
1241 2275 1318 2313 sere
1342 2287 1430 2313 cum
1454 2273 1575 2314 Thra-

293 2332 399 2371 cibus
432 2334 578 2373 bellum
615 2343 718 2382 erat,
753 2345 942 2387 perpetuo
980 2336 1260 2376 incursantibus
1285 2337 1570 2377 Macedoniam.

354 2458 374 2482 *ἶ
400 2460 489 2490 XW.
539 2462 682 2503 Appiam.
709 2461 924 2505 111¹..Obseq.
956 2463 1070 2496 From.
1105 2461 1192 2495 Plut.
1224 2463 1257 2493 in
1292 2463 1419 2495 Sertor.
1457 2472 1485 2494 c.
1516 2469 1570 2502 ’39-

289 2500 311 2543 5
335 2501 407 2534 XX.
432 2505 576 2545 Appias..
605 2506 694 2538 isit.
718 2506 816 2538 Oros.
845 2518 859 2547 5
876 2533 885 2547 ‚
903 2517 960 2549 23·
