1638 2937
222 169 302 216 IN
339 165 1103 215 toc.L113.xcvtt1V.
1252 164 1342 229 387

63 275 278 316 sermonem
305 275 457 315 Aufidio
485 273 643 323 quidam
679 271 898 322 adolescens
928 271 1128 322 exposuit,
1156 273 1197 311 in
1228 282 1344 323 quem

62 344 143 376 erat
162 335 429 376 benevolentia
456 333 686 386 propensior.
716 331 786 370 Ille
820 345 898 370 non
925 330 1056 370 leviter
1080 333 1196 382 ietus,
1224 340 1344 386 (nam

66 401 102 439 ἃ
125 398 204 450 ipse
234 406 313 438 erat
342 400 439 436 inter
463 398 703 444 conjuratos;
734 393 800 433 sed
827 396 862 434 ἃ
887 393 1081 434 Manlium
1106 395 1178 433 effe
1204 395 1348 435 nescie-

66 460 166 509 bat)
203 458 430 500 diffimulata
458 466 586 496 tamen
609 455 839 494 conscientia
855 487 869 503 ‚
895 463 1033 506 negat,
1059 457 1174 493 verbis
1194 459 1346 495 hominis

61 524 196 573 ventofi
214 523 249 561 6»
264 520 350 560 levis
377 521 569 558 habendam
584 519 693 568 fidem
714 517 788 569 effe.
826 526 866 556 at
894 518 1094 568 postquam
1118 517 1340 558 adolescens

62 578 292 635 Perpernam,
330 581 546 627 Graecinum,
589 578 744 630 aliosque
774 580 969 631 participes
1000 580 1121 631 secreti
1159 581 1344 618 nomina-

63 643 146 691 vit3
179 655 256 681 non
289 639 433 680 distulit
458 651 614 690 pergere
639 639 687 676 ad
711 638 958 687 Perpernam,
995 640 1030 678 Sc
1060 638 1266 677 admonere
1287 654 1349 691 pe-

59 705 184 751 riculi,
207 704 274 754 nisi
298 714 427 742 mature
442 712 692 753 praeverterent.
732 715 769 738 eo
791 715 858 738 rem
878 702 1051 738 deduelam
1068 730 1080 748 ,
1100 712 1138 737 ut
1158 700 1263 737 celari
1285 701 1350 737 diu

63 778 216 819 nequeat.
255 766 491 817 occupandum
518 760 705 801 Sertorium
722 778 738 811 ,·
766 775 827 801 aut
854 765 1062 816 pereundum
1088 762 1350 814 insidiatoribus

60 830 132 882 effi.

131 887 231 931 VIII.
265 890 356 930 Non
391 884 594 928 dubitabat
622 885 836 938 Perperna,
866 884 956 937 quin
983 899 1070 925 vera
1097 886 1351 937 praediceren-

64 961 137 993 tur.
163 953 210 993 Et
231 964 353 1002 nuper
372 961 534 1000 quoque,
556 948 740 988 submissis
763 949 899 988 decem
915 948 1115 996 militibus,
1136 949 1351 1001 Sertorium

61 1012 275 1055 interficere
301 1022 482 1061 conatus,
503 1011 724 1062 punitisque
744 1009 883 1062 partim
899 1042 910 1059 ‚
941 1009 1077 1061 partim
1102 1011 1191 1061 fuga
1214 1009 1351 1060 elapsis

63 1072 347 1115 insidiatoribus
363 1104 375 1122 ‚
401 1085 636 1123 quamquam
669 1073 843 1111 nondum
867 1081 947 1110 erat
967 1072 1140 1122 proditus
1155 1102 1165 1119 ‚
1193 1083 1240 1108 ne
1264 1083 1352 1120 pro-

67 1138 221 1178 deretur
260 1132 471 1175 metu'ebat.
500 1130 652 1174 Idcirco
679 1132 957 1183 conjurationis
992 1133 1134 1177 duces,
1162 1140 1352 1170 convoca-

62 1201 112 1239 tis
138 1199 311 1239 celeriter
345 1196 545 1248 praecipuis
580 1195 844 1242 consciorum,
876 1192 975 1232 nihil
1001 1193 1261 1232 cunctandum
1291 1188 1352 1231 ral-

61 1265 117 1312 ti,
150 1268 393 1312 componunt
418 1273 438 1298 e
468 1257 622 1309 vestigio
651 1258 794 1297 fraudis
820 1257 1028 1296 ordinem:
1063 1254 1352 1306 subornatoque

62 1323 204 1365 idoneo
239 1323 424 1369 homine,
459 1320 640 1360 confictas
672 1319 800 1358 literas
845 1321 1007 1359 Sertorio
1039 1317 1241 1356 tradendas
1276 1331 1351 1356 cu-

62 1396 174 1435 rant,
209 1385 345 1437 quibus
377 1385 425 1423 de
460 1396 599 1433 magna
626 1382 787 1421 victoria
816 1380 1066 1431 perscriptum
1099 1389 1204 1428 erat,
1233 1393 1351 1430 quam

26 1499 29 1501 Ι
61 1447 217 1490 Sertorii
243 1446 399 1499 quidam
419 1444 565 1498 legatus
585 1475 598 1492 ,
626 1445 774 1494 ingenti
801 1443 966 1483 hostium
990 1454 1149 1481 numero
1182 1442 1350 1483 debella-

61 1519 103 1552 to
120 1543 131 1561 ,
158 1510 389 1562 reportasset.

122 1584 194 1625 IX.
228 1582 375 1624 Laetum
407 1578 458 1620 ob
492 1576 575 1619 haec
612 1580 647 1620 &
673 1573 951 1618 sacrificantem
983 1573 1195 1616 Sertorium
1209 1605 1225 1624 ,Ι
1255 1584 1350 1617 cum

0 1677 1 1698 2
60 1646 198 1688 amicis
235 1648 378 1695 (erant
408 1651 536 1682 autem
564 1655 612 1680 ex
640 1641 927 1689 conjuratorum
958 1640 1146 1687 numero)
1182 1637 1230 1677 ad
1256 1650 1351 1677 con..

64 1707 211 1750 vivium
244 1706 381 1745 invitat
407 1705 621 1755 Perperna,
646 1700 849 1750 multisque
875 1698 1050 1749 precibus
1072 1699 1212 1747 vincit,
1235 1699 1273 1736 ut'
1302 1698 1354 1737 ad

61 1771 230 1826 gaudium
263 1768 338 1822 ejus
369 1769 439 1806 diei
468 1763 704 1806 celebrandum
735 1764 932 1802 condiceret.
967 1761 1084 1811 Igitur
1111 1753 1358 1802 discubuere:

61 1830 250 1874 'Sertorius
285 1826 442 1869 inferior
479 1828 521 1867 in
554 1826 685 1867 medio
711 1823 810 1865 lecto
837 1822 1094 1862 accubuerat:
1123 1821 1231 1872 supra
1258 1832 1350 1863 eum

61 1894 105 1936 L.
129 1893 267 1934 Fabius
299 1891 556 1943 Hispaniensis
584 1889 737 1929 senator
773 1896 820 1927 ex
851 1883 1067 1937 proscriptis
1091 1899 1100 1924 :
1129 1885 1169 1923 in
1196 1883 1349 1924 summo

62 1966 145 1997 erat
176 1952 396 2000 Antonius,
426 1955 462 1993 ὃς
498 1953 596 1991 infra
631 1963 720 1990 eum
752 1948 874 1988 scriba
910 1946 1065 1987 Sertorii
1098 1945 1276 1985 Verfius:
1309 1946 1353 1986 in

63 2018 144 2057 imo
172 2015 292 2055 scriba
323 2013 418 2054 alter
444 2015 659 2060 Maecenas,
698 2009 846 2050 medius
883 2009 980 2046 inter
1013 2007 1281 2057 Tarquitium,
1312 2010 1354 2047 ὃς

62 2079 266 2120 dominum
293 2078 461 2116 convivii
485 2078 723 2126 Perpernam.
752 2073 842 2112 Erat
864 2084 907 2110 ea
931 2083 1019 2108 cum
1039 2070 1193 2110 Sertorii
1215 2071 1351 2109 mode-

61 2141 154 2189 stia,
178 2148 262 2178 tum
286 2138 385 2188 apud
412 2137 497 2176 suos
523 2136 751 2181 auctoritas,
775 2142 817 2171 ut
842 2145 888 2171 eo
921 2130 1103 2182 praesente
1131 2132 1351 2171 verecunda

64 2205 102 2244 &
127 2201 283 2241 honesta
313 2201 444 2238 omnia
478 2198 595 2237 essent
618 2210 627 2236 :
657 2195 770 2235 nullae
797 2203 928 2245 turpes
948 2193 1120 2241 facetiae,
1147 2192 1245 2232 nulli
1275 2193 1352 2233 cla.

62 2276 189 2305 mores
210 2260 470 2311 tumultusque
493 2260 722 2299 audirentur.

118 2326 172 2365 X.
200 2323 274 2364 Sed
311 2335 356 2360 eo
394 2331 592 2371 tempore,
624 2326 666 2357 ut
689 2316 842 2356 initium
872 2315 1042 2354 rixarum
1071 2313 1260 2364 conjurati
1291 2311 1347 2355 fa.

65 2395 226 2435 cerem,
265 2384 476 2424 inconditis
515 2380 753 2421 sermonibus
791 2377 1058 2431 gestibusque,
1093 2388 1160 2428 per
1196 2376 1353 2417 fimulaae

64 2450 215 2492 tionem
251 2447 444 2490 ebrietatis
479 2444 707 2497 strepebant.
750 2443 849 2485 Cum
881 2441 928 2482 ad
959 2439 1042 2479 haec
1078 2439 1170 2490 ille,
1192 2440 1265 2481 five
1294 2437 1352 2480 οἱ,

967 2503 1095 2553 Bb2
