1638 2937
140 184 223 234 JC.
246 183 333 231 PR.
359 183 513 230 SUPP.
537 183 601 229 IN
628 182 770 230 LOC.
788 187 838 232 L.
857 185 1090 233 LXXXII.
1116 189 1229 236 LIV.
1282 204 1366 252 191

85 292 230 333 'Boeotiae
258 307 396 345 campos
425 293 459 330 δ’
484 303 637 344 apertam
670 290 875 342 planitiem,
908 306 1046 330 numero
1067 297 1246 347 praesertim
1273 296 1373 348 equi..

84 366 157 393 mm
180 367 278 393 tanto
308 355 449 406 inferior
473 352 664 405 optaviffet.
707 352 885 391 Ceterum
913 353 1017 392 Sulla
1048 364 1181 403 praeter
1218 357 1368 395 infitam

85 416 288 454 audaciam
314 424 440 453 motus
467 413 583 452 caulis
616 413 774 451 minime
807 413 982 453 inanibus
1009 414 1230 464 videbatur,
1262 418 1370 467 quod

82 486 232 515 retenta
252 474 464 526 Munychia
486 471 714 513 Archelaum
731 471 806 511 hoc
827 473 1065 524 intelligebat
1082 488 1210 525 agere,
1233 485 1275 514 ut
1296 479 1368 517 du-

86 539 212 577 cendo
241 537 342 576 bello
370 537 562 576 Romanos
588 535 626 572 in
654 535 811 585 regione
827 535 959 583 sterili,
978 546 1264 577 commeatuum
1289 540 1374 577 ino-

82 599 148 649 pia
182 606 385 649 premeret.
417 599 527 648 Ager*
547 597 650 634 enirn
687 596 833 636 Atticus
865 610 913 635 ne
943 611 1010 648 per
1042 610 1178 648 pacem
1215 599 1373 648 quidem

86 668 236 698 tantam
259 658 358 698 alere
383 657 673 706 multitudinem
696 668 870 707 poterat:
894 658 1183 699 subveffionem
1210 673 1372 699 annonae

80 722 162 772 ipse
187 722 307 771 mari,
341 721 496 762 Taxiles
522 729 646 770 terra,
672 720 777 760 haud
795 734 935 772 magno
958 724 1115 822 negotio
1141 733 1249 762 erant
1278 737 1371 774 pro-

83 783 256 824 bibituri.

141 847 189 888 II.
226 845 433 887 Adversum
467 845 548 885 haec
579 858 624 884 ea
652 846 751 884 ratio
778 844 891 886 Sullae
928 855 1029 885 erat
1061 854 1105 885 ut
1136 859 1227 886 cum
1263 846 1374 887 hoste

82 911 217 962 potius
241 909 345 958 solo,
370 922 485 959 quam
508 908 617 947 fimul
640 907 818 947 adversus
844 907 991 947 hostem
1017 908 1238 959 famemque
1261 910 1375 948 dimi-

82 981 198 1011 caret.
249 973 307 1011 Ad
340 971 416 1010 hoc
445 969 616 1021 periculo
655 970 694 1010 L.
732 970 922 1010 Hortenlii
958 971 1216 1012 movebatur:
1253 984 1371 1021 quem

82 1047 211 1074 acrem
235 1035 359 1073 virum
389 1037 423 1073 &
451 1032 631 1083 propositi
670 1041 872 1082 tenacem,
902 1044 990 1071 cum
1020 1033 1142 1082 copiis
1173 1045 1250 1071 non
1286 1046 1370 1082 poe..

80 1097 250 1136 nitendis
270 1097 317 1134 ad
338 1095 374 1134 se
395 1108 442 1134 ex
463 1094 654 1135 Thessalia
677 1108 855 1145 pergere,
881 1094 1008 1133 hostes
1031 1104 1160 1133 autem
1185 1095 1225 1133 in
1248 1093 1371 1134 Thes-

79 1158 211 1197 saliam
232 1157 400 1208 irrupisse
419 1167 587 1197 noverat.
618 1158 652 1195 ὃς
673 1156 741 1194 nili
761 1156 1044 1203 subveniretur,
1076 1169 1124 1195 ne
1141 1155 1366 1206 ubicunque

83 1219 342 1270 deprehensus
374 1231 543 1269 pugnam
569 1216 630 1256 vel
664 1230 753 1255 curn
791 1219 915 1256 exitio
942 1217 1132 1263 sumeret,
1159 1215 1371 1257 metuebat.

79 1283 157 1322 Sed
182 1281 424 1331 Hor-tensium
448 1279 604 1330 quidem
638 1279 781 1329 Caphis
805 1279 976 1319 Boeotius
995 1292 1061 1330 per
1082 1279 1195 1318 aliam
1210 1310 1223 1326 ,
1250 1291 1368 1328 quam.

82 1354 158 1392 qua
191 1350 395 1381 venturum
423 1340 573 1380 barbari
599 1342 919 1392 opperiebantur,
949 1343 1049 1381 viam
1075 1341 1368 1388 circumduxitg,

82 1406 209 1444 donec
234 1403 406 1454 superato
427 1403 590 1444 Parnaffi
618 1403 729 1444 dorso
744 1435 754 1452 ‚
791 1406 914 1444 tenuit
936 1405 1173 1446 Tithoream.
1197 1403 1373 1444 munitill

80 1467 196 1506 fimus
231 1475 362 1506 natura
389 1465 496 1504 locus
531 1466 609 1513 est,
641 1465 720 1505 alto
749 1466 893 1505 circum
935 1469 970 1506 &
1001 1466 1186 1518 praecipiti
1215 1466 1371 1516 rupium

79 1528 188 1569 Velut
211 1528 312 1568 vallo
349 1527 572 1566 claudente:
606 1529 664 1567 cui
690 1532 862 1577 quondam
891 1530 1112 1577 Phocenstum
1130 1541 1216 1580 pars
1231 1557 1242 1574 ,
1264 1527 1372 1563 imm-

80 1592 188 1630 dante
202 1591 371 1630 Graeciam
394 1590 530 1629 Xerxis
551 1588 721 1636 exercitu,
736 1587 887 1641 salutem
906 1600 1009 1641 atque
1026 1589 1216 1628 libertatem
1235 1588 1371 1640 debetis}

71 1655 114 1707 fi’
138 1653 286 1692 dicitur.

136 1716 204 1756 ΙΙΙ.
228 1716 317 1755 Huc
338 1714 405 1753 ubi
426 1713 598 1764 longiore
615 1711 681 1769 ‘via
705 1711 821 1750 secuti
838 1710 962 1751 hostes
984 1719 1253 1762 penetrarunt,
1268 1712 1370 1751 Hor„

79 1778 220 1818 tensius
252 1787 335 1817 toto
363 1778 425 1817 die
451 1777 640 1826 impetum
667 1786 801 1812 eorum
829 1772 935 1812 haud
966 1772 1167 1812 difficulter
1201 1772 1369 1822 repulitq,

80 1843 201 1881 noctu
225 1840 365 1879 deinde
391 1839 507 1878 tacito
533 1838 686 1888 agmine
715 1836 908 1886 profectus
935 1847 1001 1885 per
1035 1833 1120 1875 loca
1145 1833 1373 1883 confragosa.

80 1903 258 1955 pervenit
277 1902 540 1950 Patronidem‚
561 1899 691 1950 ibique
722 1899 769 1938 ab
799 1906 1026 1938 occurrente
1054 1897 1159 1938 Sulla
1189 1905 1367 1947 receptus>

81 1967 145 2006 est.
170 1968 259 2007 Hoc
280 1968 463 2015 adjuncto
488 1965 631 2012 milite,
659 1977 735 2002 non
757 1962 856 2002 ultra
882 1961 986 2001 mille
1008 1963 1238 2012 quingentos
1263 1960 1369 2009 equi-

78 2037 163 2078 tes,
189 2030 362 2080 peditum
388 2027 508 2068 millia
527 2027 747 2078 quindecim
775 2026 960 2066 Romanae
981 2025 1101 2074 copiae
1131 2022 1363 2062 efficiebant.

81 2091 240 2132 accensa
262 2091 401 2131 deinde
425 2091 644 2131 Graecorum
658 2121 669 2137 ‚
696 2089 760 2139 qui
782 2100 903 2137 nuper
932 2087 980 2126 ab
1002 2085 1189 2126 Archelao
1211 2086 1369 2124 defece-

82 2162 190 2205 rant,
212 2154 375 2203 auxilia,
407 2157 461 2193 ita
489 2153 680 2204 augebant
709 2162 911 2190 numerum
929 2178 940 2196 ‚
963 2157 1007 2186 ut
1028 2157 1159 2186 tamen
1184 2159 1232 2185 ne
1254 2147 1384 2185 trien-'

80 2226 162 2257 tem
197 2218 354 2268 quidem
377 2215 519 2255 hostilis
544 2213 803 2254 multitudinis
837 2219 1016 2261 aequaret.

137 2279 199 2320 IV.
238 2278 357 2330 Igitur
387 2276 615 2317 Archelaum
648 2280 766 2327 (nam
795 2276 830 2313 &
857 2273 922 2311 hic
947 2272 1092 2311 accitus
1115 2283 1136 2309 a
1162 2268 1297 2310 Taxile
1325 2268 1369 2311 irt

81 2337 318 2381 Thessaliam
340 2337 581 2391 accurrerat)
612 2336 726 2375 ceteri
765 2334 882 2373 duces
907 2333 957 2372 ad
983 2331 1111 2383 proelii
1141 2329 1364 2369 tentandam

133 2458 206 2500 §L
233 2456 322 2491 plut.
351 2458 438 2502 §IL
462 2457 638 2490 Memnon.
659 2454 803 2488 Diodor.
828 2466 868 2498 ap
873 2451 1019 2487 .Va1es.
1046 2452 1134 2486 Plut
1161 2451 1236 2484 Liv.
1268 2448 1363 2496 Epi&

89 2494 261 2541 Herodot.
285 2504 325 2547 ὃ,
348 2513 405 2549 32.
423 2501 566 2539 Pau1an.
588 2503 611 2537 1.
635 2513 688 2540 ιο.
712 2500 733 2547 5
762 2467 1276 2545 111.Appian.M1thrid.Prut.
