1638 2937
146 205 150 208 ,
215 155 298 204 ΙΝ
345 151 521 204 LOC.
564 156 704 202 LIB.
742 155 940 202 XCVIII
1000 156 1139 203 LIV.
1270 166 1360 222 431

81 268 238 310 rentur,
267 263 510 302 audiverant.
549 263 625 302 Sed
659 262 855 313 postquam
895 262 972 302 alio
1002 270 1175 313 tempore
1206 262 1370 302 sedenti-

83 326 154 366 bus
188 339 256 378 pro
283 326 487 374 trIbunali,
525 326 637 374 Cajus
667 327 823 375 quidam
851 325 1048 374 Aurelius,
1089 327 1245 376 equestri
1277 326 1365 366 loco

80 395 218 432 natus,
241 388 308 426 sed
333 388 398 436 qui
427 387 543 425 vitam
569 382 700 436 procul
720 386 881 436 negotiis
905 395 1055 436 egerat,
1080 387 1128 425 ad
1152 400 1216 426 eos
1237 387 1367 427 ascen.

83 447 361 499 dit,J0vemque
371 448 440 498 fibi
452 462 512 497 per
527 448 670 498 quietem
694 446 865 498 imperaſjb
889 447 1007 494 dixit,
1023 461 1166 486 moneret
1187 450 1372 502 consules,‘

81 510 135 547 uti
162 510 198 547 in
218 510 368 560 gratiam
391 508 561 556 redirent,
592 507 832 558 populusque
861 508 1125 560 gemebundus
1147 512 1180 549 ἃ·
1206 510 1367 560 supplex

82 570 220 608 eadem
256 569 400 620 precari
433 569 579 620 coepit,
605 570 809 620 Pompejus
839 570 968 609 restitit
1002 579 1157 611 tacens:
1198 582 1235 611 at
1267 573 1372 612 Cras-

79 630 143 670 sus
170 631 271 681 prior
306 632 502 681 porrigens
540 630 740 678 dextram,
775 632 889 680 nihil,
926 633 1075 683 inquit,
1103 648 1152 671 me
1187 634 1368 685 indignum

79 707 144 732 aut
165 695 236 732 vile
250 693 370 747 facere
400 696 545 744 reor,fi
564 696 644 733 huic
668 693 835 746 Pompejo
856 695 997 746 aliquid
1018 694 1153 746 desero,
1177 711 1273 747 quem
1299 706 1368 734 νος·

77 757 253 796 imberbem
279 758 394 794 adhuc
409 756 585 808 appellare
602 754 777 808 Magnum
802 757 1032 810 sustinuistis,
1056 772 1152 810 quenz
1177 759 1367 810 triurnpha-

76 833 111 857 re
124 817 293 871 juffistis‚
313 817 516 871 priuſsquam
543 819 580 857 in
599 819 762 871 finarum
789 819 962 870 legeretur.

140 880 297 920 XXXI.
340 880 452 919 Tunc
481 882 515 919 Sc
542 880 746 930 pompejus
781 881 951 919 occurrit
982 880 1130 921 Craffo:
1154 880 1370 931 junctisque

77 941 221 980 dextris
243 940 416 979 fecerunt
447 940 710 991 redintegratae
726 941 855 990 gratiae
873 941 1002 980 fidem.
1032 954 1120 992 ergo
1139 941 1302 991 populus
1327 944 1370 981 in

76 1002 180 1042 laetas
199 1001 496 1041 acclamationes
513 1011 680 1052 votaque
697 1005 731 1041 ἃ
746 1015 876 1052 preces
892 1003 1132 1051 effusus,n0n
1153 1015 1242 1042 ante
1259 1004 1369 1042 desti-

77 1064 147 1110 tit,
170 1075 288 1112 ¹quam
319 1063 398 1101 dies
421 1064 468 1102 ab
493 1073 656 1115 utroque
680 1066 878 1106 mittendis
907 1067 1137 1106 exercitibus
1163 1068 1371 1109 diceretur.

76 1125 123 1166 Id
147 1120 213 1164 ubi
229 1125 280 1163 est
298 1125 467 1172 fartum,
492 1128 708 1177 magistratu
736 1127 908 1167 consules
935 1129 1146 1167 abiverunt.
1163 1129 1204 1168 C.
1228 1127 1368 1167 deinde

76 1185 306 1235 Hortensio,
331 1187 379 1237 Q.
407 1186 562 1227 Caecilio
593 1190 779 1226 Merena,
798 1192 861 1228 qur
890 1179 1022 1229 postea·
1044 1181 1213 1221 Creticus
1239 1185 1372 1233 appel-

75 1245 175 1288 latus
198 1248 273 1293 est,
297 1247 543 1286 consulibua,
575 1237 764 1287 templum
804 1238 910 1286 Jovis
943 1240 984 1278 in
1013 1240 1229 1290 Capitolio,
1259 1242 1365 1292 quod

76 1315 127 1345 ex
149 1300 396 1342 Sullanorum
423 1307 647 1349 temporum
675 1299 811 1348 injuria
838 1299 949 1351 super
976 1301 1112 1341 iisdem
1139 1304 1370 1345 fundamen-

75 1364 124 1401 tis
141 1361 325 1400 refectum
350 1368 455 1407 erat,
480 1374 500 1400 a
519 1362 561 1402 C.
588 1361 724 1401 Catulo
747 1362 968 1401 dedicatum
996 1362 1072 1401 est:
1099 1376 1213 1413 quem
1240 1365 1365 1406 solum

78 1424 269 1463 honorem
299 1423 475 1463 felicitati
507 1423 580 1464 suae
607 1425 793 1473 defuilse,
818 1425 1030 1464 confessum
1058 1426 1305 1478 questumque
1326 1429 1367 1468 L.

80 1486 226 1527 Sullam
257 1486 398 1525 ferunt.
433 1486 476 1526 In
510 1499 553 1525 ea
588 1487 855 1535 dedicatione,
889 1500 977 1526 cum
1013 1489 1220 1528 vehemens
1260 1490 1366 1529 aestus

78 1548 195 1598 effet,
222 1549 278 1598 Q.
303 1547 461 1588 Catulus
494 1548 585 1587 velis
613 1549 781 1599 expansis
808 1548 985 1587 umbram
1014 1548 1094 1587 fieri
1118 1549 1264 1600 populo
1291 1550 1366 1600 jus.

78 1611 149 1660 fit,
176 1612 281 1661 quod
305 1611 488 1661 deinceps
514 1611 552 1649 in
574 1610 730 1650 theatris
758 1611 809 1650 est
834 1611 1131 1660 frequentatum.

131 1673 306 1714 XXXII.
332 1674 402 1715 His
429 1673 648 1714 consulibus
674 1674 858 1714 Romana·
883 1675 1026 1724 copiae,
1045 1675 1276 1723 imperatore
1293 1674 1366 1714 Lu-

77 1736 205 1786 cullo,
231 1738 407 1776 maximis
424 1737 622 1778 itineribus
649 1751 715 1789 per
737 1751 898 1789 regnum
921 1738 1182 1778 Ariobarzanis
1208 1748 1368 1778 conten„

78 1799 219 1837 derunt
245 1799 294 1837 ad
328 1797 591 1848 Euphratem,
623 1812 695 1849 qua
730 1800 770 1838 in
807 1809 915 1849 parte
951 1799 1196 1849 Cappadocia
1228 1799 1273 1838 ab
1300 1801 1368 1839 Αῑ·

76 1861 207 1903 menia
242 1860 498 1909 disjungitur:
530 1862 564 1900 δε
599 1873 829 1910 quamquam
864 1861 911 1898 ad
940 1860 978 1898 id
1014 1873 1128 1899 naves
1165 1861 1367 1899 codicariae

76 1921 231 1960 occulto
257 1934 325 1972 per
360 1922 529 1961 hiemem
562 1921 781 1960 fabrefafftae
818 1921 1002 1968 aderant,
1035 1929 1163 1959 tamen
1199 1921 1370 1960 hibernis

77 1985 186 2032 aquis
209 1983 381 2022 tumidus
408 1983 531 2022 amnis
558 1982 776 2021 transeundi
802 1991 947 2020 metum
980 1982 1173 2021 faciebat:
1202 1983 1265 2021 sed
1295 1984 1367 2021 mi-

77 2056 119 2083 ta
147 2043 332 2084 felicitate
356 2045 456 2083 circa
477 2044 669 2094 vesperam
701 2046 783 2093 ejus
809 2044 886 2082 diei
911 2043 1097 2082 subsidere
1122 2045 1265 2083 flumen
1286 2058 1367 2084 coe-

77 2107 158 2159 pit,
174 2109 209 2147 ἃ
225 2107 363 2147 fluetus
377 2108 473 2146 intra
495 2107 646 2146 alveum
665 2119 850 2148 coercere.
873 2107 991 2157 Igitur
1006 2107 1163 2155 accolae,
1178 2121 1265 2146 cum
1283 2109 1366 2147 red-

75 2169 156 2209 dita
181 2168 269 2207 luce
298 2182 378 2208 non
409 2170 576 2208 inflatior
608 2169 720 2208 solito
751 2169 962 2220 Euphrates
993 2184 1124 2220 parvas
1148 2171 1187 2209 in
1220 2171 1361 2211 mediis

47 2278 50 2283 Α
75 2233 184 2282 aquis
218 2230 356 2271 insulas
386 2232 622 2280 ostenderet,
654 2232 909 2271 adoraverunt
941 2232 1166 2282 Lucullum,
1193 2236 1363 2274 amicum

123 2334 146 2378 §
171 2334 279 2365 XXX.
311 2333 399 2366 Plut.
425 2334 459 2365 in
485 2333 601 2375 Pomp.
629 2346 657 2366 c.
685 2345 750 2377 35,
775 2334 808 2366 &
837 2334 941 2367 Crass.
970 2348 999 2367 c.
1023 2347 1076 2375 υ.
1105 2337 1249 2380 Appiam.
1271 2338 1366 2372 civil.

80 2380 106 2411 l.
129 2390 159 2410 ι.
183 2378 204 2422 5
235 2379 521 2421 XXX1.Appian.
548 2379 636 2411 Plut.
664 2379 696 2411 in
721 2379 836 2423 Pomp.
869 2381 944 2411 Liv.
970 2381 1061 2423 Epit.
1087 2381 1229 2424 Dionys.
1254 2383 1364 2414 Halic.

79 2433 127 2512 Ξ,
148 2422 206 2508 7629.
235 2422 418 2459 Caffiodor.
438 2423 568 2458 Chron.
587 2424 661 2459 Cic.
680 2424 776 2461 Verr.
792 2436 832 2468 4,
849 2434 903 2470 31.
921 2424 1008 2459 Prin.
1026 2435 1070 2469 7,
1085 2436 1143 2472 43.
1160 2427 1270 2463 Tacit.
1289 2426 1366 2465 hist.

116 2491 127 2509 s
192 2489 205 2502 .
