1638 2937
177 208 179 212 ι
225 148 306 195 ΙΝ
343 147 519 195 LOC.
565 149 702 196 LIB.
755 148 951 196 LXXVI
988 153 1144 200 LIV.
1277 167 1345 217 79

51 255 125 294 hac
143 255 237 294 urbe
258 256 408 305 primus
429 253 521 294 belli
536 253 648 293 turbo
663 264 865 305 eruperat,
893 258 928 296 ἅ
943 287 956 303 ,
973 256 1064 296 licet
1083 259 1222 299 eodem
1244 269 1346 300 tem-
1398 265 1402 271 '

48 330 143 368 pore
162 330 228 367 per
244 317 441 367 plerasque
456 316 576 356 Italiae
592 317 765 366 regiones
783 317 1026 356 adversarum
1052 320 1218 367 partium
1238 334 1344 359 exer.

47 380 145 417 citus
175 379 494 427 cossucstarentum
529 377 595 416 hic
621 386 749 416 tamen
777 378 988 429 plurimum
1015 379 1156 418 laboris
1182 380 1344 431 sangui-

49 440 184 490 nisque
210 440 438 480 exhaustum
463 440 536 488 est,
566 453 720 490 unaque
740 440 802 479 die
827 441 928 480 circa
951 440 1054 480 hanc
1080 441 1212 480 urbem
1234 445 1343 493 quin.

26 506 182 553 que&
218 503 462 554 septuaginta
493 503 636 543 civium
664 504 949 553 Romanorum,
976 505 1143 555 amplius
1166 505 1342 556 sexagin-

40 573 87 604 ta>
107 564 229 604 millia
254 564 476 604 Italicorum
503 565 606 616 figna
630 564 887 606 contulerunt.

100 626 163 666 IV,
184 626 360 666 Tandem
374 626 606 675 pompejus,
620 625 801 664 Asculum
817 625 1025 676 ingressus,
1048 626 1196 667 selefftis
1210 660 1222 676 ‚
1244 642 1342 679 quos

43 688 85 727 in
110 687 309 738 triumpho
340 688 522 728 ducturus
552 696 632 726 erat
651 717 662 736 ,
684 688 876 738 principes
905 702 1040 728 omnes
1067 691 1343 741 praefectosque·

44 753 83 792 &
113 753 357 790 centuriones
385 750 532 801 sejuges
561 750 675 790 caesos
702 750 821 789 securi
856 752 1064 801 percuffit:
1093 752 1218 791 servos
1248 766 1344 803 prae-

43 815 212 865 danique
231 814 298 853 sub
321 814 423 853 hasta
450 813 647 853 vendidit:
676 813 795 852 libera
817 825 978 863 corpora
999 815 1139 852 dimisit
1160 815 1340 863 innoxia,

45 876 112 916 sed
135 876 246 915 rebus
263 876 426 915 ademtis
451 874 658 915 omnibus:
689 874 823 913 urbem
846 873 971 924 ipsam
1004 875 1172 914 dirutam
1200 877 1343 915 incen-

47 935 205 986 samque
219 938 366 975 evertit.
384 936 482 976 Mox
494 937 661 976 Romam
687 936 879 986 profectus
897 935 948 974 ob
970 949 1026 974 res
1043 937 1111 976 isto
1136 937 1238 977 belio
1262 940 1341 977 for-

45 999 139 1036 titer
155 996 410 1048 prospereque
425 997 544 1047 gestas
571 997 619 1036 de
635 996 830 1037 Asculanis
859 995 1088 1048 reliquisque
1102 999 1341 1048 Picentium,

43 1059 178 1110 paucis
202 1060 305 1110 prius
332 1060 492 1106 diebus,
522 1073 639 1110 quam
657 1055 858 1099 consuiatu
881 1058 1030 1108 abiret,
1055 1073 1086 1100 a.
1116 1062 1153 1100 d.
1177 1062 1228 1103 Vl
1246 1063 1334 1102 Kal.

0 1138 4 1145 ¹
45 1122 244 1171 =Ianuarias
267 1121 533 1172 triumphavit.

99 1184 144 1224 V.
169 1184 340 1223 Duaum
364 1185 404 1223 in
429 1183 628 1235 triumpho
660 1184 699 1223 P.
726 1183 951 1223 Ventidium
984 1183 1099 1222 multi
1133 1183 1336 1235 scriptores

43 1245 151 1286 haud
182 1246 336 1286 futilem
369 1246 420 1285 ob
459 1246 611 1301 causam
645 1254 860 1294 annotant,
888 1246 993 1295 quod
1024 1245 1087 1284 hic
1113 1247 1195 1296 post
1219 1260 1341 1286 annos

43 1309 167 1349 ferme
190 1309 461 1360 quinquaginta
485 1309 589 1348 idem
605 1307 863 1359 Capitolium,
879 1309 984 1358 quod
1010 1316 1095 1346 tum
1119 1308 1339 1359 triumpha-

42 1379 106 1411 tus
126 1372 243 1421 vidit,
276 1371 516 1422 triumphans
538 1371 711 1411 invectus
742 1370 805 1409 est.
842 1371 948 1410 Adeo
976 1370 1246 1420 inexspectatis
1281 1372 1339 1409 in-

45 1435 202 1473 terdum
225 1434 426 1473 eventibus
455 1435 736 1482 admonemur,
770 1434 896 1473 donec
923 1434 1001 1473 vita
1032 1442 1204 1481 maneat,
1231 1433 1338 1474 nulla

44 1496 202 1535 fortuna
230 1508 358 1545 neque
396 1496 592 1534 confidere
625 1495 815 1544 nimium,
841 1508 966 1545 neque
995 1495 1204 1544 perterreri.
1237 1495 1340 1535 Cum

4 1564 5 1567 ’
44 1557 185 1597 deinde
212 1557 254 1596 L.
283 1556 486 1596 Cornelius
515 1555 647 1605 Sulla,
682 1558 733 1607 Q.
752 1557 960 1607 pompejus
986 1557 1110 1596 Rufus
1142 1558 1339 1607 magistra-

45 1626 130 1659 tum
154 1619 367 1668 iniviffent‚
399 1621 618 1660 Mamercus
645 1618 820 1659 IEmiIius
847 1632 936 1659 cum
965 1621 1013 1670 Q.
1033 1620 1256 1670 Pompaedio
1282 1621 1341 1661 Sia

45 1681 138 1729 lone
163 1682 312 1722 collatis
343 1682 453 1731 signis
487 1682 702 1734 dimicavit„
739 1683 832 1732 Ejus
868 1682 995 1733 proelii
1024 1683 1182 1722 victoria
1216 1696 1336 1733 penes

45 1743 246 1784 Romanos
267 1744 362 1792 fuit,
383 1757 549 1795 quorum
575 1745 679 1784 haud
710 1746 763 1784 ita
792 1745 903 1784 multi
922 1745 1164 1786 occubuere:
1196 1746 1244 1785 de
1263 1745 1337 1785 Ita-

45 1804 131 1844 licis
155 1806 202 1845 ad
230 1804 349 1844 millia
371 1805 434 1845 sex
452 1805 536 1845 sunt
564 1807 784 1846 desiderata.

101 1867 166 1907 VI.
198 1868 276 1908 Sub
300 1869 403 1907 idem
425 1876 579 1919 tempus
607 1865 656 1920 Q.
684 1867 868 1909 Metellus
895 1869 1008 1919 Pius,
1027 1870 1094 1920 qui
1127 1869 1168 1909 C.
1198 1867 1338 1908 Cosco,

45 1929 113 1968 nio
134 1929 384 1979 successerat,
406 1931 608 1970 Venufiam
623 1963 634 1980 ‚
662 1931 806 1982 Apuliae
829 1932 1000 1971 nobilem
1028 1931 1166 1971 urbem
1181 1962 1192 1979 ,
1220 1930 1335 1969 firmo

45 1992 221 2042 praefidio
244 1992 487 2040 instruuam,
503 1992 747 2043 expugnavit.
776 1992 915 2032 Adhuc
938 2001 1070 2031 tamen
1087 2000 1228 2031 conatu
1253 2005 1340 2030 ma-

6 2099 9 2103 <
47 2055 135 2103 gis,
171 2068 286 2105 quarn
312 2054 480 2104 viribus,
514 2054 639 2094 Italici
673 2054 891 2093 resistebant
915 2085 926 2102 ,
964 2056 1001 2093 &
1034 2067 1086 2093 ne
1119 2053 1340 2103 desponde-

48 2124 136 2153 rent
166 2116 333 2164 animos,
369 2116 534 2154 modicis
567 2116 759 2154 interdum
790 2114 1020 2153 successibus
1050 2114 1334 2153 recreabantur.

47 2176 128 2217 Silo
156 2177 395 2228 Pompaedius
417 2179 630 2218 Bovianum
656 2179 847 2229 oppidum
873 2185 1083 2226 receperat.
1110 2178 1194 2225 ejus
1218 2177 1336 2216 victo-

46 2239 118 2278 riae'
132 2247 210 2278 tam
240 2241 495 2280 immoderata
527 2240 656 2279 laetitia
686 2240 783 2289 fuit,
818 2247 860 2278 ut
882 2237 942 2278 vel
969 2239 1009 2276 in
1032 2238 1225 2277 honorem
1257 2238 1336 2277 du-

95 2368 117 2412 §
147 2369 208 2400 111.
232 2367 308 2399 Liv.
333 2368 423 2411 Epir.
450 2367 573 2412 Veliej.
595 2367 682 2400 Flor.
704 2378 748 2408 2,
772 2378 827 2400 21.
855 2366 958 2400 Oros.
994 2365 1014 2399 G
1045 2367 1105 2399 IV.
1128 2367 1217 2400 flor.
1237 2366 1335 2398 Mar-

53 2424 136 2444 mor.
169 2413 317 2455 Capitol
345 2414 420 2448 Val.
447 2412 540 2448 Max.
573 2413 613 2455 6,
636 2423 668 2457 9.
698 2413 806 2457 Agehl
830 2423 890 2455 15,
918 2424 951 2454 4.
982 2411 1068 2448 Plin.
1091 2421 1133 2454 7,
1157 2423 1212 2457 43·
1236 2412 1258 2457 5
1284 2411 1335 2447 V·

50 2455 244 2493 Diodor.1.
278 2468 337 2502 43
