1638 2937
255 161 335 210 IN
379 161 549 208 LOC.
585 161 722 206 LIB.
761 160 955 206 LXXVI
1004 162 1150 208 LIV.
1294 177 1351 225 93

65 269 181 309 fuum
210 268 396 308 instruxit.
423 269 470 308 At
492 266 667 315 Pontici,
684 263 773 304 cum
800 266 839 304 in
863 264 1080 305 universum
1110 267 1361 316 quadraginta

74 332 280 381 peditum,
312 331 447 369 decem
476 329 649 378 equitum
678 327 799 366 millia
834 326 1044 371 haberent,
1074 329 1161 377 quia
1188 329 1360 378 phalam:

76 394 180 444 sequi
200 408 277 433 non
304 401 504 444 potuerat,
527 401 660 442 przeter
675 390 867 431 Arcathiae
889 391 1129 440 equitatum,
1153 393 1358 441 quosdam-

71 468 148 505 que
174 456 402 495 falcatorum
432 468 638 503 curruum,
667 453 940 492 tantummodo
971 451 1096 495 levem
1128 465 1362 495 armaturam

72 520 329 571 adduxerant.
352 519 519 566 idcirco,
536 532 583 557 ne
605 532 625 557 a
645 518 894 557 multitudine
916 517 1176 568 Bithynorum
1198 519 1380 556 circum->

71 583 316 630 venirentur‚
343 580 539 620 tumulum
571 581 765 631 quendam
802 580 980 620 saxosum
1020 580 1206 620 mediocri
1235 580 1360 631 praeli-

74 646 143 685 dio
168 654 421 696 occuparunt.

141 715 203 755 LI.
235 713 552 755 Animadversum
583 727 605 752 a
633 713 810 765 Bithynis
836 713 1034 752 confilium
1061 713 1137 760 est,
1168 715 1201 752 &¹
1229 712 1278 751 ad
1306 725 1363 750 re-

77 778 343 827 cuperandum
361 775 501 816 collem
531 789 679 826 magnae
705 775 825 824 copiae
849 774 975 814 miflae.
1003 775 1122 825 Igitur
1146 772 1360 823 Neoptole-

72 852 188 887 mu8‚
220 839 288 878 ubi
322 840 438 888 dejici
466 838 550 876 suos
579 837 707 885 videt,
734 835 893 875 salutem
923 849 986 874 om
991 836 1097 888 nium
1125 835 1167 874 in
1191 848 1237 873 eo
1263 835 1359 873 verti

74 911 200 950 ratus,
231 911 275 941 ut
318 901 426 940 locus
458 908 649 938 teneretur
672 928 684 947 ,
716 897 888 936 celeriter
922 886 970 937 ad
1009 911 1122 948 opem
1156 897 1358 936 ferendnn

73 963 252 1012 advolat,
282 963 457 1004 Arcathia
484 974 637 1013 quoque
664 961 702 998 in
734 969 882 1010 partem
905 960 1065 1011 periculi
1094 961 1230 999 accito.
1268 960 1360 999 Hoc

75 1027 143 1066 ubi
162 1026 396 1073 Nicomedes
421 1023 648 1075 conspexit,
674 1021 897 1061 universum
919 1022 1016 1071 rapit
1043 1034 1179 1072 agmen
1194 1051 1205 1069 ,
1224 1022 1258 1059 ὃς
1276 1020 1361 1070 post

75 1102 160 1129 acre
184 1099 378 1128 certamen
395 1119 406 1136 ‚
429 1086 551 1126 multo
580 1085 763 1135 sanguine
793 1083 902 1132 fuso,
928 1083 1219 1123 Mithridaticos
1239 1082 1278 1119 in
1301 1082 1363 1119 iii-

74 1160 162 1201 gam
181 1150 282 1200 agit3
306 1149 453 1188 illustris
472 1147 641 1186 victoriae
668 1148 818 1185 futurus
847 1158 1032 1196 compos,
1062 1144 1128 1182 nisi
1153 1143 1362 1183 Archelaus

75 1225 166 1252 cum
186 1213 259 1252 suis
286 1221 431 1251 mature
451 1209 743 1261 persequentem
767 1208 956 1258 fugientes
976 1220 996 1246 a
1020 1206 1138 1245 latere.
1161 1204 1360 1244 invaliiset.‚

128 1284 210 1325 LII.
243 1284 370 1331 Hujus
394 1282 534 1320 virtute
558 1282 591 1319 ἃ
616 1279 820 1330 prudentia
846 1278 1010 1316 mirifice
1030 1282 1268 1315 commutata
1293 1287 1363 1324 pu-

78 1359 162 1396 gnae
196 1346 351 1384 fortuna
377 1343 439 1381 est.
483 1343 583 1382 Nam
612 1339 785 1379 aversum
816 1340 855 1377 in
888 1339 924 1377 se
961 1329 1237 1384 Nicomedem,
1261 1337 1366 1384 jam-

77 1423 152 1459 que
178 1417 368 1458 concepta
397 1406 462 1456 spe
491 1405 698 1451 vincendi,
724 1405 759 1442 &
789 1402 1027 1452 impatientia
1059 1413 1175 1438 morte
1203 1397 1366 1437 calidius

74 1472 303 1517 instantem,
338 1469 490 1508 servatis
521 1434 720 1507 ordinibds
753 1464 887 1503 sensim
926 1463 1144 1503 recedendo
1183 1460 1366 1508 tantisper

78 1533 202 1572 tenuit
215 1563 226 1580 ,
243 1528 368 1571 donec
385 1528 645 1580 Neoptolemo
674 1527 862 1566 retinendi
890 1526 976 1564 suos
993 1557 1003 1574 ,
1019 1527 1218 1573 aciemque
1240 1522 1366 1560 redin-

74 1596 277 1647 tegrandi,
295 1595 462 1645 spatium
488 1592 589 1631 ess‘et.
620 1591 768 1631 Deinde
795 1589 996 1629 conversus
1024 1590 1062 1626 in
1088 1587 1235 1626 hostem
1271 1597 1366 1634 quan

77 1659 203 1710 drigas
241 1657 401 1696 falcatas
434 1655 612 1702 immisit,
638 1668 718 1693 non
752 1654 827 1692 sine
856 1652 966 1692 clade
991 1651 1273 1702 Bithynorum:
1303 1660 1366 1685 ce-

76 1728 203 1760 terum
227 1721 373 1768 major,
393 1732 508 1769 quam
532 1731 600 1769 pro
624 1718 790 1764 damno,
814 1725 933 1755 terror
966 1722 1057 1753 erat.
1084 1713 1254 1754 Foeditas
1278 1710 1369 1760 spe-

77 1781 220 1822 ctaculi
247 1783 392 1832 magis,
415 1794 530 1831 quam
555 1781 610 1819 vis
638 1780 830 1826 hostium,
856 1777 1022 1817 turbavit
1054 1777 1233 1814 ordines:
1273 1785 1364 1811 cum

77 1845 214 1885 calidis
247 1845 375 1884 adhuc
400 1843 619 1884 vulneribus
638 1842 846 1882 semineces
875 1842 1000 1887 viros,
1026 1838 1145 1878 divisa
1175 1848 1336 1887 corpora
1356 1866 1369 1883 ‚

75 1915 235 1948 truncos
268 1916 368 1946 artus
395 1908 434 1945 in
464 1907 586 1946 multo
621 1906 804 1956 sanguine
835 1904 1024 1951 volutari,
1048 1902 1214 1941 aliorum
1238 1911 1362 1938 mem-

78 1969 148 2010 bra
175 1970 286 2009 hastis
311 1978 376 2008 aut
403 1969 567 2008 falcibus
593 1981 775 2006 curruum
806 1967 924 2004 rotari
955 1972 1169 2002 cernerent.

133 2043 233 2084 LIII.
275 2043 482 2082 perterritis
514 2041 724 2081 Archelaus
761 2052 781 2078 a
812 2039 966 2083 fronte,
1003 2032 1286 2084 Neoptolemus
1332 2030 1369 2066 δε

79 2107 276 2148 Arcathias
293 2106 527 2153 recollecffis,
557 2106 623 2155 qui
645 2104 845 2154 fugerant
870 2116 891 2139 a
915 2111 1021 2149 tergo
1046 2096 1265 2135 incubuere.
1296 2091 1372 2130 Diu,

80 2177 211 2207 tamen
239 2168 406 2218 utrisque
430 2167 594 2206 restitere
619 2166 796 2215 Bithyni,
820 2165 971 2208 donec,
991 2159 1178 2210 plerisque
1199 2153 1371 2193 cadenti-

82 2231 182 2278 bUS,
207 2231 440 2270 Nicomedes
465 2229 596 2268 solutis
619 2228 819 2267 ordinibus
847 2226 954 2264 abiit.
984 2223 1213 2271 Fugientem
1236 2218 1275 2255 iri
1303 2216 1372 2256 Pa„-

84 2292 336 2344 phlagoniam
366 2292 486 2331 secuti
519 2291 625 2337 sunt,
652 2290 715 2339 qui
744 2294 982 2339 potuerunt:
1017 2292 1162 2322 ceteros
1191 2279 1373 2331 proelium

85 2356 278 2403 confecit,
307 2367 372 2394 aut
394 2354 434 2392 in
459 2352 688 2404 potestatem
707 2351 864 2390 victoris
887 2347 1047 2388 tradidit
1067 2344 1277 2396 captivitas.
1311 2353 1374 2380 ca·

145 2473 171 2519 5
188 2474 234 2521 .L·
254 2474 363 2510 Strab.
387 2473 412 2507 l.
433 2482 485 2508 12.
503 2471 650 2517 Appian.
677 2468 857 2504 Memnon.
