<?xml version="1.0" encoding="UTF-8"?>
<!DOCTYPE html PUBLIC "-//W3C//DTD XHTML 1.0 Transitional//EN"
    "http://www.w3.org/TR/xhtml1/DTD/xhtml1-transitional.dtd">
<html xmlns="http://www.w3.org/1999/xhtml" xml:lang="en" lang="en">
 <head>
  <title>
</title>
<meta http-equiv="Content-Type" content="text/html;charset=utf-8" />
  <meta name='ocr-system' content='tesseract 3.04.00' />
  <meta name='ocr-capabilities' content='ocr_page ocr_carea ocr_par ocr_line ocrx_word'/>
</head>
<body>
  <div class='ocr_page' id='page_1' title='image "./historiarumlibri09livyuoft_0079.png"; bbox 0 0 1638 2937; ppageno 0'>
   <div class='ocr_carea' id='block_1_1' title="bbox 249 173 1360 246">
    <p class='ocr_par' dir='ltr' id='par_1_1' title="bbox 249 173 1360 246">
     <span class='ocr_line' id='line_1_1' title="bbox 249 173 1360 246; baseline -0.005 -21"><span class='ocrx_word' id='word_1_1' title='bbox 249 179 328 225; x_wconf 79' lang='lat' dir='ltr'><strong>IN</strong></span> <span class='ocrx_word' id='word_1_2' title='bbox 373 175 541 246; x_wconf 66' lang='lat' dir='ltr'><strong>roe.</strong></span> <span class='ocrx_word' id='word_1_3' title='bbox 588 174 717 220; x_wconf 74' lang='lat' dir='ltr'><strong>Lm.</strong></span> <span class='ocrx_word' id='word_1_4' title='bbox 763 173 941 220; x_wconf 83' lang='lat' dir='ltr'><strong>LXXV</strong></span> <span class='ocrx_word' id='word_1_5' title='bbox 993 175 1139 221; x_wconf 70' lang='lat' dir='ltr'><strong>mv,</strong></span> <span class='ocrx_word' id='word_1_6' title='bbox 1304 189 1360 236; x_wconf 84' lang='lat'><strong>71</strong></span> 
     </span>
    </p>
   </div>
   <div class='ocr_carea' id='block_1_2' title="bbox 72 280 1377 1950">
    <p class='ocr_par' dir='ltr' id='par_1_2' title="bbox 72 280 1368 521">
     <span class='ocr_line' id='line_1_2' title="bbox 78 280 1367 335; baseline -0.005 -10"><span class='ocrx_word' id='word_1_7' title='bbox 78 290 192 325; x_wconf 84' lang='lat' dir='ltr'><strong>cauto</strong></span> <span class='ocrx_word' id='word_1_8' title='bbox 209 285 306 325; x_wconf 86' lang='lat' dir='ltr'><strong>hosti</strong></span> <span class='ocrx_word' id='word_1_9' title='bbox 325 286 428 324; x_wconf 89' lang='lat' dir='ltr'><strong>fecit.</strong></span> <span class='ocrx_word' id='word_1_10' title='bbox 449 286 597 335; x_wconf 80' lang='lat' dir='ltr'><strong>Quarta</strong></span> <span class='ocrx_word' id='word_1_11' title='bbox 615 281 743 334; x_wconf 80' lang='lat' dir='ltr'><strong>vigilia</strong></span> <span class='ocrx_word' id='word_1_12' title='bbox 765 280 983 329; x_wconf 76' lang='lat' dir='ltr'><strong>commissa,</strong></span> <span class='ocrx_word' id='word_1_13' title='bbox 999 280 1226 321; x_wconf 80' lang='lat' dir='ltr'>buccinator</span> <span class='ocrx_word' id='word_1_14' title='bbox 1244 282 1367 331; x_wconf 80' lang='lat' dir='ltr'><strong>agmi-</strong></span> 
     </span>
     <span class='ocr_line' id='line_1_3' title="bbox 72 343 1366 397; baseline -0.002 -10"><span class='ocrx_word' id='word_1_15' title='bbox 72 348 134 387; x_wconf 88' lang='lat' dir='ltr'><strong>nis</strong></span> <span class='ocrx_word' id='word_1_16' title='bbox 159 347 312 387; x_wconf 84' lang='lat' dir='ltr'><strong>suorum</strong></span> <span class='ocrx_word' id='word_1_17' title='bbox 338 348 488 387; x_wconf 88' lang='lat' dir='ltr'><strong>secutus</strong></span> <span class='ocrx_word' id='word_1_18' title='bbox 506 347 686 397; x_wconf 82' lang='lat' dir='ltr'><strong>vestigia,</strong></span> <span class='ocrx_word' id='word_1_19' title='bbox 713 357 836 384; x_wconf 87' lang='lat' dir='ltr'><strong>vacua</strong></span> <span class='ocrx_word' id='word_1_20' title='bbox 862 343 1034 382; x_wconf 86' lang='lat' dir='ltr'><strong>hostibus</strong></span> <span class='ocrx_word' id='word_1_21' title='bbox 1052 344 1167 383; x_wconf 82' lang='lat' dir='ltr'><strong>castra</strong></span> <span class='ocrx_word' id='word_1_22' title='bbox 1194 343 1366 393; x_wconf 80' lang='lat' dir='ltr'><strong>reliquit:</strong></span> 
     </span>
     <span class='ocr_line' id='line_1_4' title="bbox 74 405 1368 461; baseline -0.003 -12"><span class='ocrx_word' id='word_1_23' title='bbox 74 410 293 461; x_wconf 84' lang='lat' dir='ltr'>militesque</span> <span class='ocrx_word' id='word_1_24' title='bbox 313 410 360 449; x_wconf 85' lang='lat' dir='ltr'><strong>ad</strong></span> <span class='ocrx_word' id='word_1_25' title='bbox 386 422 507 449; x_wconf 87' lang='lat' dir='ltr'><strong>unum</strong></span> <span class='ocrx_word' id='word_1_26' title='bbox 535 420 670 448; x_wconf 87' lang='lat' dir='ltr'><strong>omnes</strong></span> <span class='ocrx_word' id='word_1_27' title='bbox 695 405 932 454; x_wconf 80' lang='lat' dir='ltr'><strong>incolumes,</strong></span> <span class='ocrx_word' id='word_1_28' title='bbox 960 417 1049 444; x_wconf 88' lang='lat' dir='ltr'><strong>cum</strong></span> <span class='ocrx_word' id='word_1_29' title='bbox 1075 406 1368 457; x_wconf 79' lang='lat' dir='ltr'><strong>impedimentis</strong></span> 
     </span>
     <span class='ocr_line' id='line_1_5' title="bbox 76 471 815 521; baseline -0.003 -12"><span class='ocrx_word' id='word_1_30' title='bbox 76 471 353 521; x_wconf 83' lang='lat' dir='ltr'>tormentisque</span> <span class='ocrx_word' id='word_1_31' title='bbox 375 472 415 509; x_wconf 84' lang='lat' dir='ltr'><strong>in</strong></span> <span class='ocrx_word' id='word_1_32' title='bbox 442 478 524 510; x_wconf 82' lang='lat' dir='ltr'><strong>tuta</strong></span> <span class='ocrx_word' id='word_1_33' title='bbox 547 475 815 520; x_wconf 75' lang='lat' dir='ltr'><strong>pervenerunt.</strong></span> 
     </span>
    </p>

    <p class='ocr_par' dir='ltr' id='par_1_3' title="bbox 75 526 1374 1331">
     <span class='ocr_line' id='line_1_6' title="bbox 130 526 1369 579; baseline -0.009 -6"><span class='ocrx_word' id='word_1_34' title='bbox 130 533 358 573; x_wconf 88' lang='lat' dir='ltr'>XXXVIII.</span> <span class='ocrx_word' id='word_1_35' title='bbox 384 532 481 572; x_wconf 82' lang='lat' dir='ltr'><strong>Inde</strong></span> <span class='ocrx_word' id='word_1_36' title='bbox 499 532 541 572; x_wconf 90' lang='lat' dir='ltr'><strong>L.</strong></span> <span class='ocrx_word' id='word_1_37' title='bbox 566 530 692 579; x_wconf 82' lang='lat' dir='ltr'><strong>Sulla,</strong></span> <span class='ocrx_word' id='word_1_38' title='bbox 709 530 827 579; x_wconf 84' lang='lat' dir='ltr'><strong>longo</strong></span> <span class='ocrx_word' id='word_1_39' title='bbox 846 527 1048 567; x_wconf 87' lang='lat' dir='ltr'><strong>circumitu</strong></span> <span class='ocrx_word' id='word_1_40' title='bbox 1072 526 1181 575; x_wconf 75' lang='lat' dir='ltr'><strong>usus,</strong></span> <span class='ocrx_word' id='word_1_41' title='bbox 1205 540 1280 576; x_wconf 82' lang='lat' dir='ltr'><strong>qua</strong></span> <span class='ocrx_word' id='word_1_42' title='bbox 1298 528 1369 566; x_wconf 71' lang='lat' dir='ltr'><strong>mi-</strong></span> 
     </span>
     <span class='ocr_line' id='line_1_7' title="bbox 75 588 1371 646; baseline -0.008 -11"><span class='ocrx_word' id='word_1_43' title='bbox 75 597 181 635; x_wconf 87' lang='lat' dir='ltr'><strong>nime</strong></span> <span class='ocrx_word' id='word_1_44' title='bbox 203 604 384 636; x_wconf 87' lang='lat' dir='ltr'><strong>venturus</strong></span> <span class='ocrx_word' id='word_1_45' title='bbox 411 595 622 646; x_wconf 85' lang='lat' dir='ltr'><strong>putabatur</strong></span> <span class='ocrx_word' id='word_1_46' title='bbox 640 624 651 641; x_wconf 77' lang='lat'><em>‚</em></span> <span class='ocrx_word' id='word_1_47' title='bbox 674 592 836 643; x_wconf 83' lang='lat' dir='ltr'><strong>irrupit:</strong></span> <span class='ocrx_word' id='word_1_48' title='bbox 868 588 1131 638; x_wconf 82' lang='lat' dir='ltr'><strong>Samnitesque</strong></span> <span class='ocrx_word' id='word_1_49' title='bbox 1159 588 1371 639; x_wconf 82' lang='lat' dir='ltr'><strong>improviso</strong></span> 
     </span>
     <span class='ocr_line' id='line_1_8' title="bbox 76 651 1370 705; baseline -0.006 -9"><span class='ocrx_word' id='word_1_50' title='bbox 76 657 294 696; x_wconf 82' lang='lat' dir='ltr'><strong>discrimine</strong></span> <span class='ocrx_word' id='word_1_51' title='bbox 313 659 365 696; x_wconf 88' lang='lat' dir='ltr'><strong>ita</strong></span> <span class='ocrx_word' id='word_1_52' title='bbox 379 657 534 703; x_wconf 88' lang='lat' dir='ltr'><strong>terruit,</strong></span> <span class='ocrx_word' id='word_1_53' title='bbox 557 666 624 704; x_wconf 76' lang='lat' dir='ltr'><strong>ut,</strong></span> <span class='ocrx_word' id='word_1_54' title='bbox 644 655 775 695; x_wconf 73' lang='lat' dir='ltr'><strong>OCClfiS</strong></span> <span class='ocrx_word' id='word_1_55' title='bbox 794 653 991 705; x_wconf 78' lang='lat' dir='ltr'><strong>plurimis,</strong></span> <span class='ocrx_word' id='word_1_56' title='bbox 1012 654 1157 691; x_wconf 88' lang='lat' dir='ltr'><strong>ceteros</strong></span> <span class='ocrx_word' id='word_1_57' title='bbox 1180 652 1222 689; x_wconf 85' lang='lat' dir='ltr'><strong>in</strong></span> <span class='ocrx_word' id='word_1_58' title='bbox 1236 651 1370 700; x_wconf 80' lang='lat' dir='ltr'><strong>fugam</strong></span> 
     </span>
     <span class='ocr_line' id='line_1_9' title="bbox 76 714 1366 769; baseline -0.003 -11"><span class='ocrx_word' id='word_1_59' title='bbox 76 721 300 769; x_wconf 76' lang='lat' dir='ltr'><strong>conjiceret.</strong></span> <span class='ocrx_word' id='word_1_60' title='bbox 335 721 423 760; x_wconf 83' lang='lat' dir='ltr'><strong>Dux</strong></span> <span class='ocrx_word' id='word_1_61' title='bbox 449 719 615 759; x_wconf 86' lang='lat' dir='ltr'><strong>hostium</strong></span> <span class='ocrx_word' id='word_1_62' title='bbox 651 720 817 769; x_wconf 80' lang='lat' dir='ltr'><strong>Papius,</strong></span> <span class='ocrx_word' id='word_1_63' title='bbox 851 716 1173 767; x_wconf 83' lang='lat' dir='ltr'><strong>prosequentibus</strong></span> <span class='ocrx_word' id='word_1_64' title='bbox 1209 714 1366 754; x_wconf 86' lang='lat' dir='ltr'><strong>suorum</strong></span> 
     </span>
     <span class='ocr_line' id='line_1_10' title="bbox 76 777 1365 833; baseline -0.005 -11"><span class='ocrx_word' id='word_1_65' title='bbox 76 783 209 833; x_wconf 82' lang='lat' dir='ltr'><strong>paucis</strong></span> <span class='ocrx_word' id='word_1_66' title='bbox 229 783 437 823; x_wconf 77' lang='lat' dir='ltr'><strong>AEserniam</strong></span> <span class='ocrx_word' id='word_1_67' title='bbox 453 782 601 822; x_wconf 85' lang='lat' dir='ltr'><strong>saucius</strong></span> <span class='ocrx_word' id='word_1_68' title='bbox 623 782 806 832; x_wconf 86' lang='lat' dir='ltr'><strong>pervenit.</strong></span> <span class='ocrx_word' id='word_1_69' title='bbox 829 779 958 828; x_wconf 83' lang='lat' dir='ltr'><strong>Sulla,</strong></span> <span class='ocrx_word' id='word_1_70' title='bbox 986 780 1108 829; x_wconf 86' lang='lat' dir='ltr'><strong>captis</strong></span> <span class='ocrx_word' id='word_1_71' title='bbox 1130 777 1365 818; x_wconf 79' lang='lat' dir='ltr'><strong>Samnitium</strong></span> 
     </span>
     <span class='ocr_line' id='line_1_11' title="bbox 77 838 1372 894; baseline -0.005 -11"><span class='ocrx_word' id='word_1_72' title='bbox 77 843 227 893; x_wconf 82' lang='lat' dir='ltr'><strong>castris,</strong></span> <span class='ocrx_word' id='word_1_73' title='bbox 256 845 305 884; x_wconf 86' lang='lat' dir='ltr'><strong>ad</strong></span> <span class='ocrx_word' id='word_1_74' title='bbox 332 844 545 884; x_wconf 81' lang='lat' dir='ltr'><strong>Bovianum</strong></span> <span class='ocrx_word' id='word_1_75' title='bbox 580 843 769 894; x_wconf 61' lang='lat' dir='ltr'><strong>perrexit.⁴</strong></span> <span class='ocrx_word' id='word_1_76' title='bbox 804 843 1005 892; x_wconf 78' lang='lat' dir='ltr'><strong>Praecipuae</strong></span> <span class='ocrx_word' id='word_1_77' title='bbox 1031 841 1271 880; x_wconf 84' lang='lat' dir='ltr'><strong>claritudinis</strong></span> <span class='ocrx_word' id='word_1_78' title='bbox 1303 838 1372 878; x_wconf 77' lang='lat' dir='ltr'><strong>illa</strong></span> 
     </span>
     <span class='ocr_line' id='line_1_12' title="bbox 76 902 1367 958; baseline -0.006 -11"><span class='ocrx_word' id='word_1_79' title='bbox 76 908 303 958; x_wconf 83' lang='lat' dir='ltr'><strong>tempestate</strong></span> <span class='ocrx_word' id='word_1_80' title='bbox 325 907 538 947; x_wconf 84' lang='lat' dir='ltr'><strong>Bovianum</strong></span> <span class='ocrx_word' id='word_1_81' title='bbox 560 915 665 953; x_wconf 77' lang='lat' dir='ltr'><strong>erat,</strong></span> <span class='ocrx_word' id='word_1_82' title='bbox 694 904 892 955; x_wconf 79' lang='lat' dir='ltr'><strong>tribusque</strong></span> <span class='ocrx_word' id='word_1_83' title='bbox 923 903 1076 943; x_wconf 83' lang='lat' dir='ltr'><strong>arcibus</strong></span> <span class='ocrx_word' id='word_1_84' title='bbox 1100 905 1136 942; x_wconf 72' lang='lat' dir='ltr'><strong>Sc</strong></span> <span class='ocrx_word' id='word_1_85' title='bbox 1164 902 1367 940; x_wconf 84' lang='lat' dir='ltr'><strong>communi</strong></span> 
     </span>
     <span class='ocr_line' id='line_1_13' title="bbox 78 962 1372 1021; baseline -0.006 -12"><span class='ocrx_word' id='word_1_86' title='bbox 78 971 200 1021; x_wconf 88' lang='lat' dir='ltr'><strong>gentis</strong></span> <span class='ocrx_word' id='word_1_87' title='bbox 223 969 393 1009; x_wconf 27' lang='lat' dir='ltr'><strong>concilior</strong></span> <span class='ocrx_word' id='word_1_88' title='bbox 412 967 667 1019; x_wconf 82' lang='lat' dir='ltr'><strong>superbiebat.</strong></span> <span class='ocrx_word' id='word_1_89' title='bbox 692 967 821 1015; x_wconf 80' lang='lat' dir='ltr'><strong>Sulla,</strong></span> <span class='ocrx_word' id='word_1_90' title='bbox 847 966 975 1005; x_wconf 84' lang='lat' dir='ltr'><strong>divifis</strong></span> <span class='ocrx_word' id='word_1_91' title='bbox 1002 965 1144 1015; x_wconf 75' lang='lat' dir='ltr'><strong>copiis,</strong></span> <span class='ocrx_word' id='word_1_92' title='bbox 1176 976 1265 1003; x_wconf 86' lang='lat' dir='ltr'><strong>cum</strong></span> <span class='ocrx_word' id='word_1_93' title='bbox 1289 962 1372 1013; x_wconf 80' lang='lat' dir='ltr'><strong>ipse</strong></span> 
     </span>
     <span class='ocr_line' id='line_1_14' title="bbox 77 1025 1374 1081; baseline -0.005 -11"><span class='ocrx_word' id='word_1_94' title='bbox 77 1032 128 1069; x_wconf 84' lang='lat' dir='ltr'><strong>ad</strong></span> <span class='ocrx_word' id='word_1_95' title='bbox 155 1031 290 1070; x_wconf 84' lang='lat' dir='ltr'><strong>urbem</strong></span> <span class='ocrx_word' id='word_1_96' title='bbox 320 1025 421 1081; x_wconf 77' lang='lat' dir='ltr'><strong>signa</strong></span> <span class='ocrx_word' id='word_1_97' title='bbox 455 1031 671 1069; x_wconf 67' lang='lat' dir='ltr'><strong>admovens</strong></span> <span class='ocrx_word' id='word_1_98' title='bbox 692 1027 945 1068; x_wconf 79' lang='lat' dir='ltr'><strong>Bovianenses</strong></span> <span class='ocrx_word' id='word_1_99' title='bbox 974 1027 1012 1065; x_wconf 85' lang='lat' dir='ltr'><strong>in</strong></span> <span class='ocrx_word' id='word_1_100' title='bbox 1041 1026 1077 1065; x_wconf 86' lang='lat' dir='ltr'><strong>se</strong></span> <span class='ocrx_word' id='word_1_101' title='bbox 1101 1025 1374 1073; x_wconf 75' lang='lat' dir='ltr'><strong>convertisset3</strong></span> 
     </span>
     <span class='ocr_line' id='line_1_15' title="bbox 77 1089 1368 1145; baseline -0.005 -12"><span class='ocrx_word' id='word_1_102' title='bbox 77 1093 173 1133; x_wconf 81' lang='lat' dir='ltr'><strong>alios</strong></span> <span class='ocrx_word' id='word_1_103' title='bbox 195 1089 429 1145; x_wconf 55' lang='lat' dir='ltr'><strong>longo&#39;flexu</strong></span> <span class='ocrx_word' id='word_1_104' title='bbox 457 1092 759 1139; x_wconf 84' lang='lat' dir='ltr'><strong>circummiffos,</strong></span> <span class='ocrx_word' id='word_1_105' title='bbox 785 1107 889 1145; x_wconf 75' lang='lat' dir='ltr'><strong>quam</strong></span> <span class='ocrx_word' id='word_1_106' title='bbox 906 1093 1057 1143; x_wconf 79' lang='lat' dir='ltr'><strong>primum</strong></span> <span class='ocrx_word' id='word_1_107' title='bbox 1080 1091 1219 1143; x_wconf 67' lang='lat' dir='ltr'><strong>poffint</strong></span> <span class='ocrx_word' id='word_1_108' title='bbox 1237 1092 1368 1128; x_wconf 74' lang='lat' dir='ltr'><strong>arcium</strong></span> 
     </span>
     <span class='ocr_line' id='line_1_16' title="bbox 76 1151 1368 1208; baseline -0.004 -15"><span class='ocrx_word' id='word_1_109' title='bbox 76 1170 276 1208; x_wconf 78' lang='lat' dir='ltr'><strong>expugnare</strong></span> <span class='ocrx_word' id='word_1_110' title='bbox 301 1151 433 1204; x_wconf 60' lang='lat' dir='ltr'><strong>jubet&#39;:</strong></span> <span class='ocrx_word' id='word_1_111' title='bbox 464 1156 638 1194; x_wconf 85' lang='lat' dir='ltr'><strong>futurum</strong></span> <span class='ocrx_word' id='word_1_112' title='bbox 662 1162 788 1199; x_wconf 83' lang='lat' dir='ltr'><strong>ratuS,</strong></span> <span class='ocrx_word' id='word_1_113' title='bbox 816 1153 921 1203; x_wconf 88' lang='lat' dir='ltr'><strong>quod</strong></span> <span class='ocrx_word' id='word_1_114' title='bbox 952 1152 1117 1199; x_wconf 81' lang='lat' dir='ltr'><strong>accidit,</strong></span> <span class='ocrx_word' id='word_1_115' title='bbox 1150 1160 1193 1190; x_wconf 88' lang='lat' dir='ltr'><strong>ut</strong></span> <span class='ocrx_word' id='word_1_116' title='bbox 1218 1163 1303 1189; x_wconf 78' lang='lat' dir='ltr'><strong>eam</strong></span> <span class='ocrx_word' id='word_1_117' title='bbox 1327 1151 1368 1188; x_wconf 80' lang='lat' dir='ltr'><strong>in</strong></span> 
     </span>
     <span class='ocr_line' id='line_1_17' title="bbox 75 1212 1366 1267; baseline -0.005 -10"><span class='ocrx_word' id='word_1_118' title='bbox 75 1226 249 1267; x_wconf 86' lang='lat' dir='ltr'><strong>partem,</strong></span> <span class='ocrx_word' id='word_1_119' title='bbox 272 1217 502 1257; x_wconf 77' lang='lat' dir='ltr'><strong>undeinitio</strong></span> <span class='ocrx_word' id='word_1_120' title='bbox 530 1217 567 1256; x_wconf 87' lang='lat' dir='ltr'><strong>se</strong></span> <span class='ocrx_word' id='word_1_121' title='bbox 589 1214 829 1262; x_wconf 77' lang='lat' dir='ltr'><strong>ostendisset,</strong></span> <span class='ocrx_word' id='word_1_122' title='bbox 857 1212 1176 1253; x_wconf 78' lang='lat' dir='ltr'><strong>concurrentibus</strong></span> <span class='ocrx_word' id='word_1_123' title='bbox 1203 1212 1366 1263; x_wconf 80' lang='lat' dir='ltr'><strong>oppida-</strong></span> 
     </span>
     <span class='ocr_line' id='line_1_18' title="bbox 75 1277 952 1331; baseline -0.003 -13"><span class='ocrx_word' id='word_1_124' title='bbox 75 1281 157 1328; x_wconf 82' lang='lat' dir='ltr'><strong>nis,</strong></span> <span class='ocrx_word' id='word_1_125' title='bbox 182 1280 332 1331; x_wconf 86' lang='lat' dir='ltr'><strong>segnior</strong></span> <span class='ocrx_word' id='word_1_126' title='bbox 359 1281 407 1319; x_wconf 92' lang='lat' dir='ltr'><strong>de</strong></span> <span class='ocrx_word' id='word_1_127' title='bbox 430 1279 701 1319; x_wconf 86' lang='lat' dir='ltr'><strong>remotioribus</strong></span> <span class='ocrx_word' id='word_1_128' title='bbox 729 1290 818 1316; x_wconf 85' lang='lat' dir='ltr'><strong>cura</strong></span> <span class='ocrx_word' id='word_1_129' title='bbox 850 1277 952 1316; x_wconf 77' lang='lat' dir='ltr'><strong>elset.</strong></span> 
     </span>
    </p>

    <p class='ocr_par' dir='ltr' id='par_1_4' title="bbox 74 1338 1377 1950">
     <span class='ocr_line' id='line_1_19' title="bbox 130 1338 1369 1394; baseline -0.006 -12"><span class='ocrx_word' id='word_1_130' title='bbox 130 1343 329 1384; x_wconf 88' lang='lat' dir='ltr'>XXXIX.</span> <span class='ocrx_word' id='word_1_131' title='bbox 353 1343 429 1384; x_wconf 92' lang='lat' dir='ltr'><strong>Ubi</strong></span> <span class='ocrx_word' id='word_1_132' title='bbox 454 1351 605 1394; x_wconf 84' lang='lat' dir='ltr'><strong>captam</strong></span> <span class='ocrx_word' id='word_1_133' title='bbox 628 1354 756 1382; x_wconf 82' lang='lat' dir='ltr'><strong>arcem</strong></span> <span class='ocrx_word' id='word_1_134' title='bbox 784 1354 832 1380; x_wconf 73' lang='lat' dir='ltr'><strong>ex</strong></span> <span class='ocrx_word' id='word_1_135' title='bbox 856 1341 966 1380; x_wconf 79' lang='lat' dir='ltr'><strong>fumo</strong></span> <span class='ocrx_word' id='word_1_136' title='bbox 995 1340 1076 1390; x_wconf 76' lang='lat' dir='ltr'><strong>(sic</strong></span> <span class='ocrx_word' id='word_1_137' title='bbox 1102 1338 1205 1377; x_wconf 83' lang='lat' dir='ltr'><strong>enim</strong></span> <span class='ocrx_word' id='word_1_138' title='bbox 1229 1349 1369 1376; x_wconf 55' lang='lat' dir='ltr'><strong>conve-³</strong></span> 
     </span>
     <span class='ocr_line' id='line_1_20' title="bbox 76 1396 1368 1457; baseline -0.004 -14"><span class='ocrx_word' id='word_1_139' title='bbox 76 1405 209 1457; x_wconf 85' lang='lat' dir='ltr'><strong>nerat)</strong></span> <span class='ocrx_word' id='word_1_140' title='bbox 238 1405 448 1456; x_wconf 85' lang='lat' dir='ltr'><strong>cognovit;</strong></span> <span class='ocrx_word' id='word_1_141' title='bbox 470 1403 552 1455; x_wconf 75' lang='lat' dir='ltr'><strong>ipse</strong></span> <span class='ocrx_word' id='word_1_142' title='bbox 573 1415 727 1455; x_wconf 85' lang='lat' dir='ltr'><strong>quoque</strong></span> <span class='ocrx_word' id='word_1_143' title='bbox 746 1410 827 1441; x_wconf 77' lang='lat' dir='ltr'><strong>tota</strong></span> <span class='ocrx_word' id='word_1_144' title='bbox 853 1401 956 1439; x_wconf 87' lang='lat' dir='ltr'><strong>mole</strong></span> <span class='ocrx_word' id='word_1_145' title='bbox 980 1396 1206 1451; x_wconf 77' lang='lat' dir='ltr'><strong>oppugnare</strong></span> <span class='ocrx_word' id='word_1_146' title='bbox 1232 1399 1368 1438; x_wconf 81' lang='lat' dir='ltr'><strong>urbem</strong></span> 
     </span>
     <span class='ocr_line' id='line_1_21' title="bbox 77 1461 1364 1517; baseline -0.004 -12"><span class='ocrx_word' id='word_1_147' title='bbox 77 1467 209 1517; x_wconf 84' lang='lat' dir='ltr'><strong>coepit.</strong></span> <span class='ocrx_word' id='word_1_148' title='bbox 248 1467 392 1507; x_wconf 87' lang='lat' dir='ltr'><strong>Tribus</strong></span> <span class='ocrx_word' id='word_1_149' title='bbox 425 1467 584 1506; x_wconf 90' lang='lat' dir='ltr'><strong>omnino</strong></span> <span class='ocrx_word' id='word_1_150' title='bbox 616 1465 720 1504; x_wconf 87' lang='lat' dir='ltr'><strong>horis</strong></span> <span class='ocrx_word' id='word_1_151' title='bbox 747 1464 901 1503; x_wconf 80' lang='lat' dir='ltr'><strong>fortiter</strong></span> <span class='ocrx_word' id='word_1_152' title='bbox 925 1463 972 1502; x_wconf 80' lang='lat' dir='ltr'><strong>ab</strong></span> <span class='ocrx_word' id='word_1_153' title='bbox 1000 1461 1153 1502; x_wconf 81' lang='lat' dir='ltr'><strong>obseffis</strong></span> <span class='ocrx_word' id='word_1_154' title='bbox 1177 1474 1364 1512; x_wconf 75' lang='lat' dir='ltr'><strong>repugna-</strong></span> 
     </span>
     <span class='ocr_line' id='line_1_22' title="bbox 76 1525 1368 1578; baseline -0.005 -9"><span class='ocrx_word' id='word_1_155' title='bbox 76 1538 160 1569; x_wconf 87' lang='lat' dir='ltr'><strong>tum</strong></span> <span class='ocrx_word' id='word_1_156' title='bbox 185 1529 260 1570; x_wconf 89' lang='lat' dir='ltr'><strong>est:</strong></span> <span class='ocrx_word' id='word_1_157' title='bbox 296 1530 387 1569; x_wconf 88' lang='lat' dir='ltr'><strong>inde</strong></span> <span class='ocrx_word' id='word_1_158' title='bbox 413 1542 504 1568; x_wconf 90' lang='lat' dir='ltr'><strong>cum</strong></span> <span class='ocrx_word' id='word_1_159' title='bbox 527 1531 563 1569; x_wconf 75' lang='lat' dir='ltr'><strong>Sc</strong></span> <span class='ocrx_word' id='word_1_160' title='bbox 589 1530 615 1568; x_wconf 44' lang='lat' dir='ltr'><strong>a*</strong></span> <span class='ocrx_word' id='word_1_161' title='bbox 639 1535 751 1578; x_wconf 82' lang='lat' dir='ltr'><strong>capta</strong></span> <span class='ocrx_word' id='word_1_162' title='bbox 778 1536 885 1577; x_wconf 79' lang='lat' dir='ltr'><strong>parte</strong></span> <span class='ocrx_word' id='word_1_163' title='bbox 905 1527 1010 1564; x_wconf 84' lang='lat' dir='ltr'><strong>urbis</strong></span> <span class='ocrx_word' id='word_1_164' title='bbox 1037 1526 1265 1565; x_wconf 72' lang='lat' dir='ltr'><strong>decurrente</strong></span> <span class='ocrx_word' id='word_1_165' title='bbox 1287 1525 1368 1564; x_wconf 68' lang='lat' dir='ltr'><strong>Ro=</strong></span> 
     </span>
     <span class='ocr_line' id='line_1_23' title="bbox 74 1586 1372 1642; baseline -0.005 -11"><span class='ocrx_word' id='word_1_166' title='bbox 74 1606 192 1632; x_wconf 87' lang='lat' dir='ltr'><strong>mano</strong></span> <span class='ocrx_word' id='word_1_167' title='bbox 207 1622 218 1640; x_wconf 90' lang='lat'>‚</span> <span class='ocrx_word' id='word_1_168' title='bbox 242 1605 385 1642; x_wconf 84' lang='lat' dir='ltr'><strong>anceps</strong></span> <span class='ocrx_word' id='word_1_169' title='bbox 418 1601 544 1631; x_wconf 84' lang='lat' dir='ltr'><strong>metus</strong></span> <span class='ocrx_word' id='word_1_170' title='bbox 574 1590 887 1637; x_wconf 74' lang='lat' dir='ltr'><strong>circunffisteret;</strong></span> <span class='ocrx_word' id='word_1_171' title='bbox 925 1589 1140 1639; x_wconf 79' lang='lat' dir='ltr'><strong>profligatis</strong></span> <span class='ocrx_word' id='word_1_172' title='bbox 1164 1586 1372 1627; x_wconf 77' lang='lat' dir='ltr'><strong>defensori-</strong></span> 
     </span>
     <span class='ocr_line' id='line_1_24' title="bbox 76 1649 1369 1704; baseline -0.005 -10"><span class='ocrx_word' id='word_1_173' title='bbox 76 1654 171 1703; x_wconf 75' lang='lat' dir='ltr'><strong>bus⁷</strong></span> <span class='ocrx_word' id='word_1_174' title='bbox 195 1653 298 1694; x_wconf 82' lang='lat' dir='ltr'><strong>Sulla</strong></span> <span class='ocrx_word' id='word_1_175' title='bbox 329 1653 499 1693; x_wconf 86' lang='lat' dir='ltr'><strong>Boviano</strong></span> <span class='ocrx_word' id='word_1_176' title='bbox 526 1666 593 1704; x_wconf 89' lang='lat' dir='ltr'><strong>per</strong></span> <span class='ocrx_word' id='word_1_177' title='bbox 622 1653 700 1691; x_wconf 89' lang='lat' dir='ltr'><strong>vim</strong></span> <span class='ocrx_word' id='word_1_178' title='bbox 728 1652 875 1702; x_wconf 87' lang='lat' dir='ltr'><strong>potitus</strong></span> <span class='ocrx_word' id='word_1_179' title='bbox 902 1651 967 1689; x_wconf 82' lang='lat' dir='ltr'><strong>est.</strong></span> <span class='ocrx_word' id='word_1_180' title='bbox 985 1650 1160 1689; x_wconf 82' lang='lat' dir='ltr'><strong>·-Deinde</strong></span> <span class='ocrx_word' id='word_1_181' title='bbox 1190 1649 1269 1689; x_wconf 73' lang='lat' dir='ltr'><strong>late</strong></span> <span class='ocrx_word' id='word_1_182' title='bbox 1293 1650 1369 1688; x_wconf 71' lang='lat' dir='ltr'><strong>cir-</strong></span> 
     </span>
     <span class='ocr_line' id='line_1_25' title="bbox 77 1711 1377 1768; baseline -0.005 -12"><span class='ocrx_word' id='word_1_183' title='bbox 77 1715 247 1756; x_wconf 86' lang='lat' dir='ltr'><strong>cumlato</strong></span> <span class='ocrx_word' id='word_1_184' title='bbox 277 1715 368 1755; x_wconf 90' lang='lat' dir='ltr'><strong>belli</strong></span> <span class='ocrx_word' id='word_1_185' title='bbox 400 1724 566 1763; x_wconf 80' lang='lat' dir='ltr'><strong>terrore,</strong></span> <span class='ocrx_word' id='word_1_186' title='bbox 589 1727 678 1754; x_wconf 89' lang='lat' dir='ltr'><strong>cum</strong></span> <span class='ocrx_word' id='word_1_187' title='bbox 704 1713 854 1768; x_wconf 78' lang='lat' dir='ltr'><strong>aliquot</strong></span> <span class='ocrx_word' id='word_1_188' title='bbox 876 1711 1043 1764; x_wconf 83' lang='lat' dir='ltr'><strong>populos</strong></span> <span class='ocrx_word' id='word_1_189' title='bbox 1061 1712 1281 1763; x_wconf 68' lang='lat' dir='ltr'><strong>recepisset,</strong></span> <span class='ocrx_word' id='word_1_190' title='bbox 1304 1725 1377 1762; x_wconf 55' lang='lat' dir='ltr'><strong>ap.²</strong></span> 
     </span>
     <span class='ocr_line' id='line_1_26' title="bbox 76 1772 1371 1828; baseline -0.005 -12"><span class='ocrx_word' id='word_1_191' title='bbox 76 1785 234 1828; x_wconf 87' lang='lat' dir='ltr'><strong>petente</strong></span> <span class='ocrx_word' id='word_1_192' title='bbox 256 1776 384 1816; x_wconf 88' lang='lat' dir='ltr'><strong>hieme</strong></span> <span class='ocrx_word' id='word_1_193' title='bbox 409 1777 458 1816; x_wconf 86' lang='lat' dir='ltr'><strong>ad</strong></span> <span class='ocrx_word' id='word_1_194' title='bbox 480 1773 709 1827; x_wconf 81' lang='lat' dir='ltr'><strong>petitionem</strong></span> <span class='ocrx_word' id='word_1_195' title='bbox 744 1773 963 1814; x_wconf 81' lang='lat' dir='ltr'><strong>consulatus</strong></span> <span class='ocrx_word' id='word_1_196' title='bbox 983 1774 1148 1813; x_wconf 84' lang='lat' dir='ltr'><strong>Romam</strong></span> <span class='ocrx_word' id='word_1_197' title='bbox 1175 1772 1371 1823; x_wconf 54' lang='lat' dir='ltr'><strong>profectus</strong></span> 
     </span>
     <span class='ocr_line' id='line_1_27' title="bbox 78 1833 1372 1888; baseline -0.007 -10"><span class='ocrx_word' id='word_1_198' title='bbox 78 1838 157 1878; x_wconf 84' lang='lat' dir='ltr'><strong>est:</strong></span> <span class='ocrx_word' id='word_1_199' title='bbox 188 1845 293 1877; x_wconf 81' lang='lat' dir='ltr'><strong>certa</strong></span> <span class='ocrx_word' id='word_1_200' title='bbox 318 1838 476 1888; x_wconf 87' lang='lat' dir='ltr'><strong>quidem</strong></span> <span class='ocrx_word' id='word_1_201' title='bbox 495 1837 561 1888; x_wconf 88' lang='lat' dir='ltr'><strong>spe</strong></span> <span class='ocrx_word' id='word_1_202' title='bbox 589 1835 850 1885; x_wconf 86' lang='lat' dir='ltr'><strong>consequendi</strong></span> <span class='ocrx_word' id='word_1_203' title='bbox 876 1833 1058 1880; x_wconf 81' lang='lat' dir='ltr'><strong>honoris,</strong></span> <span class='ocrx_word' id='word_1_204' title='bbox 1090 1845 1181 1872; x_wconf 86' lang='lat' dir='ltr'><strong>cum</strong></span> <span class='ocrx_word' id='word_1_205' title='bbox 1203 1840 1262 1871; x_wconf 87' lang='lat' dir='ltr'><strong>tot</strong></span> <span class='ocrx_word' id='word_1_206' title='bbox 1288 1840 1372 1870; x_wconf 71' lang='lat' dir='ltr'><strong>tan..</strong></span> 
     </span>
     <span class='ocr_line' id='line_1_28' title="bbox 75 1893 1370 1950; baseline -0.005 -11"><span class='ocrx_word' id='word_1_207' title='bbox 75 1900 209 1949; x_wconf 73' lang='lat' dir='ltr'><strong>tasque</strong></span> <span class='ocrx_word' id='word_1_208' title='bbox 233 1912 315 1946; x_wconf 85' lang='lat' dir='ltr'><strong>res,</strong></span> <span class='ocrx_word' id='word_1_209' title='bbox 339 1910 499 1950; x_wconf 80' lang='lat' dir='ltr'><strong>quantas</strong></span> <span class='ocrx_word' id='word_1_210' title='bbox 532 1911 615 1938; x_wconf 88' lang='lat' dir='ltr'><strong>raro</strong></span> <span class='ocrx_word' id='word_1_211' title='bbox 645 1897 844 1948; x_wconf 83' lang='lat' dir='ltr'><strong>quisquam</strong></span> <span class='ocrx_word' id='word_1_212' title='bbox 870 1896 965 1935; x_wconf 85' lang='lat' dir='ltr'><strong>alius</strong></span> <span class='ocrx_word' id='word_1_213' title='bbox 981 1926 992 1943; x_wconf 85' lang='lat'>‚</span> <span class='ocrx_word' id='word_1_214' title='bbox 1013 1904 1102 1935; x_wconf 83' lang='lat' dir='ltr'><strong>ante</strong></span> <span class='ocrx_word' id='word_1_215' title='bbox 1125 1893 1370 1933; x_wconf 73' lang='lat' dir='ltr'><strong>consulatum</strong></span> 
     </span>
    </p>
   </div>
   <div class='ocr_carea' id='block_1_3' title="bbox 76 1955 1373 2068">
    <p class='ocr_par' dir='ltr' id='par_1_5' title="bbox 76 1955 1373 2068">
     <span class='ocr_line' id='line_1_29' title="bbox 78 1955 1368 2010; baseline -0.005 -10"><span class='ocrx_word' id='word_1_216' title='bbox 78 1961 299 2000; x_wconf 78' lang='lat' dir='ltr'><strong>confecisset</strong></span> <span class='ocrx_word' id='word_1_217' title='bbox 313 1976 329 2008; x_wconf 69' lang='grc' dir='ltr'><strong>ς.</strong></span> <span class='ocrx_word' id='word_1_218' title='bbox 359 1961 522 2010; x_wconf 75' lang='lat' dir='ltr'><strong>eamque</strong></span> <span class='ocrx_word' id='word_1_219' title='bbox 548 1960 616 1999; x_wconf 87' lang='lat' dir='ltr'><strong>fibi</strong></span> <span class='ocrx_word' id='word_1_220' title='bbox 646 1959 886 1998; x_wconf 78' lang='lat' dir='ltr'><strong>fortitudinis</strong></span> <span class='ocrx_word' id='word_1_221' title='bbox 917 1957 1209 2008; x_wconf 80' lang='lat' dir='ltr'><strong>prudentiaeque</strong></span> <span class='ocrx_word' id='word_1_222' title='bbox 1237 1955 1368 1994; x_wconf 42' lang='lat' dir='ltr'><strong>conci*-</strong></span> 
     </span>
     <span class='ocr_line' id='line_1_30' title="bbox 76 2015 1373 2068; baseline -0.005 -10"><span class='ocrx_word' id='word_1_223' title='bbox 76 2019 198 2058; x_wconf 76' lang='lat' dir='ltr'><strong>liaffet</strong></span> <span class='ocrx_word' id='word_1_224' title='bbox 214 2020 532 2059; x_wconf 81' lang='lat' dir='ltr'><strong>existimationem</strong></span> <span class='ocrx_word' id='word_1_225' title='bbox 544 2052 557 2067; x_wconf 86' lang='lat'><em>,</em></span> <span class='ocrx_word' id='word_1_226' title='bbox 573 2027 616 2058; x_wconf 88' lang='lat' dir='ltr'><strong>ut</strong></span> <span class='ocrx_word' id='word_1_227' title='bbox 640 2019 743 2068; x_wconf 79' lang='lat' dir='ltr'><strong>apud</strong></span> <span class='ocrx_word' id='word_1_228' title='bbox 758 2018 860 2056; x_wconf 86' lang='lat' dir='ltr'><strong>cives</strong></span> <span class='ocrx_word' id='word_1_229' title='bbox 883 2029 1049 2067; x_wconf 83' lang='lat' dir='ltr'><strong>magnus</strong></span> <span class='ocrx_word' id='word_1_230' title='bbox 1065 2015 1145 2055; x_wconf 77' lang='lat' dir='ltr'><strong>dux</strong></span> <span class='ocrx_word' id='word_1_231' title='bbox 1156 2046 1169 2062; x_wconf 90' lang='lat'><strong><em>,</em></strong></span> <span class='ocrx_word' id='word_1_232' title='bbox 1183 2015 1373 2053; x_wconf 76' lang='lat' dir='ltr'><strong>maximus</strong></span> 
     </span>
    </p>
   </div>
   <div class='ocr_carea' id='block_1_4' title="bbox 75 2076 1375 2441">
    <p class='ocr_par' dir='ltr' id='par_1_6' title="bbox 77 2076 1370 2131">
     <span class='ocr_line' id='line_1_31' title="bbox 77 2076 1370 2131; baseline -0.002 -12"><span class='ocrx_word' id='word_1_233' title='bbox 77 2082 183 2131; x_wconf 84' lang='lat' dir='ltr'><strong>apud</strong></span> <span class='ocrx_word' id='word_1_234' title='bbox 206 2081 329 2121; x_wconf 89' lang='lat' dir='ltr'><strong>socios</strong></span> <span class='ocrx_word' id='word_1_235' title='bbox 346 2112 358 2130; x_wconf 86' lang='lat'>‚</span> <span class='ocrx_word' id='word_1_236' title='bbox 390 2081 495 2131; x_wconf 85' lang='lat' dir='ltr'><strong>apud</strong></span> <span class='ocrx_word' id='word_1_237' title='bbox 521 2081 646 2120; x_wconf 83' lang='lat' dir='ltr'><strong>hostes</strong></span> <span class='ocrx_word' id='word_1_238' title='bbox 668 2081 783 2120; x_wconf 82' lang='lat' dir='ltr'><strong>etiam</strong></span> <span class='ocrx_word' id='word_1_239' title='bbox 808 2078 1126 2118; x_wconf 75' lang='lat' dir='ltr'><strong>fortunatissimus</strong></span> <span class='ocrx_word' id='word_1_240' title='bbox 1150 2076 1370 2116; x_wconf 85' lang='lat' dir='ltr'><strong>haberetur.</strong></span> 
     </span>
    </p>

    <p class='ocr_par' dir='ltr' id='par_1_7' title="bbox 75 2137 1375 2441">
     <span class='ocr_line' id='line_1_32' title="bbox 130 2137 1373 2193; baseline -0.006 -11"><span class='ocrx_word' id='word_1_241' title='bbox 130 2142 215 2182; x_wconf 89' lang='lat' dir='ltr'><strong>XL.</strong></span> <span class='ocrx_word' id='word_1_242' title='bbox 252 2143 375 2193; x_wconf 87' lang='lat' dir='ltr'><strong>Igitur</strong></span> <span class='ocrx_word' id='word_1_243' title='bbox 411 2154 506 2181; x_wconf 63' lang='lat' dir='ltr'><strong>cumv</strong></span> <span class='ocrx_word' id='word_1_244' title='bbox 540 2149 673 2192; x_wconf 87' lang='lat' dir='ltr'><strong>togam</strong></span> <span class='ocrx_word' id='word_1_245' title='bbox 709 2141 915 2180; x_wconf 79' lang='lat' dir='ltr'><strong>candidam</strong></span> <span class='ocrx_word' id='word_1_246' title='bbox 954 2138 1161 2185; x_wconf 71' lang='lat' dir='ltr'><strong>sumsisset,</strong></span> <span class='ocrx_word' id='word_1_247' title='bbox 1198 2137 1373 2175; x_wconf 61' lang='lat' dir='ltr'><strong>comitiis-n</strong></span> 
     </span>
     <span class='ocr_line' id='line_1_33' title="bbox 80 2198 1375 2255; baseline -0.004 -14"><span class='ocrx_word' id='word_1_248' title='bbox 80 2202 339 2243; x_wconf 83' lang='lat' dir='ltr'><strong>consularibus</strong></span> <span class='ocrx_word' id='word_1_249' title='bbox 354 2234 365 2252; x_wconf 81' lang='grc'><em>,</em></span> <span class='ocrx_word' id='word_1_250' title='bbox 389 2216 496 2255; x_wconf 83' lang='lat' dir='ltr'><strong>paene</strong></span> <span class='ocrx_word' id='word_1_251' title='bbox 522 2205 696 2242; x_wconf 85' lang='lat' dir='ltr'><strong>omnium</strong></span> <span class='ocrx_word' id='word_1_252' title='bbox 723 2203 864 2241; x_wconf 86' lang='lat' dir='ltr'><strong>civium</strong></span> <span class='ocrx_word' id='word_1_253' title='bbox 886 2198 1096 2250; x_wconf 74' lang='lat' dir='ltr'><strong>suffragiis,</strong></span> <span class='ocrx_word' id='word_1_254' title='bbox 1120 2211 1223 2237; x_wconf 80' lang='lat' dir='ltr'><strong>anno</strong></span> <span class='ocrx_word' id='word_1_255' title='bbox 1246 2199 1375 2237; x_wconf 66' lang='lat' dir='ltr'><strong>aetatisz</strong></span> 
     </span>
     <span class='ocr_line' id='line_1_34' title="bbox 77 2261 1372 2315; baseline -0.005 -11"><span class='ocrx_word' id='word_1_256' title='bbox 77 2263 153 2304; x_wconf 78' lang='lat' dir='ltr'><strong>suae</strong></span> <span class='ocrx_word' id='word_1_257' title='bbox 183 2265 605 2315; x_wconf 75' lang='lat' dir='ltr'><strong>undequinquagesimo</strong></span> <span class='ocrx_word' id='word_1_258' title='bbox 633 2264 846 2314; x_wconf 76' lang='lat' dir='ltr'><strong>designatus</strong></span> <span class='ocrx_word' id='word_1_259' title='bbox 877 2262 940 2300; x_wconf 88' lang='lat' dir='ltr'><strong>est.</strong></span> <span class='ocrx_word' id='word_1_260' title='bbox 975 2262 1031 2301; x_wconf 84' lang='lat' dir='ltr'><strong>Ea</strong></span> <span class='ocrx_word' id='word_1_261' title='bbox 1056 2261 1216 2300; x_wconf 81' lang='lat' dir='ltr'><strong>comitia</strong></span> <span class='ocrx_word' id='word_1_262' title='bbox 1248 2270 1372 2299; x_wconf 78' lang='lat' dir='ltr'><strong>certa-</strong></span> 
     </span>
     <span class='ocr_line' id='line_1_35' title="bbox 79 2320 1368 2373; baseline -0.006 -6"><span class='ocrx_word' id='word_1_263' title='bbox 79 2341 169 2367; x_wconf 89' lang='lat' dir='ltr'><strong>men</strong></span> <span class='ocrx_word' id='word_1_264' title='bbox 196 2328 299 2366; x_wconf 86' lang='lat' dir='ltr'><strong>haud</strong></span> <span class='ocrx_word' id='word_1_265' title='bbox 331 2327 557 2366; x_wconf 83' lang='lat' dir='ltr'><strong>tralatitium</strong></span> <span class='ocrx_word' id='word_1_266' title='bbox 582 2325 822 2373; x_wconf 84' lang='lat' dir='ltr'><strong>habuerunt,</strong></span> <span class='ocrx_word' id='word_1_267' title='bbox 858 2324 900 2363; x_wconf 88' lang='lat' dir='ltr'><strong>C.</strong></span> <span class='ocrx_word' id='word_1_268' title='bbox 924 2323 1030 2371; x_wconf 86' lang='lat' dir='ltr'><strong>Julio</strong></span> <span class='ocrx_word' id='word_1_269' title='bbox 1056 2321 1201 2362; x_wconf 84' lang='lat' dir='ltr'><strong>Caesare</strong></span> <span class='ocrx_word' id='word_1_270' title='bbox 1232 2320 1368 2360; x_wconf 75' lang='lat' dir='ltr'><strong>consu-</strong></span> 
     </span>
     <span class='ocr_line' id='line_1_36' title="bbox 75 2386 1368 2441; baseline -0.002 -14"><span class='ocrx_word' id='word_1_271' title='bbox 75 2389 197 2429; x_wconf 83' lang='lat' dir='ltr'><strong>latum</strong></span> <span class='ocrx_word' id='word_1_272' title='bbox 230 2397 362 2428; x_wconf 86' lang='lat' dir='ltr'><strong>contra</strong></span> <span class='ocrx_word' id='word_1_273' title='bbox 396 2389 497 2441; x_wconf 87' lang='lat' dir='ltr'><strong>leges</strong></span> <span class='ocrx_word' id='word_1_274' title='bbox 520 2396 686 2440; x_wconf 85' lang='lat' dir='ltr'><strong>petente.</strong></span> <span class='ocrx_word' id='word_1_275' title='bbox 724 2387 799 2428; x_wconf 87' lang='lat' dir='ltr'><strong>Sed</strong></span> <span class='ocrx_word' id='word_1_276' title='bbox 827 2387 1012 2437; x_wconf 84' lang='lat' dir='ltr'><strong>quoniam</strong></span> <span class='ocrx_word' id='word_1_277' title='bbox 1038 2386 1087 2426; x_wconf 81' lang='lat' dir='ltr'><strong>ad</strong></span> <span class='ocrx_word' id='word_1_278' title='bbox 1112 2399 1157 2426; x_wconf 80' lang='lat' dir='ltr'><strong>ea</strong></span> <span class='ocrx_word' id='word_1_279' title='bbox 1185 2393 1368 2437; x_wconf 62' lang='lat' dir='ltr'><strong>tempora.</strong></span> 
     </span>
    </p>
   </div>
   <div class='ocr_carea' id='block_1_5' title="bbox 125 2493 1131 2587">
    <p class='ocr_par' dir='ltr' id='par_1_8' title="bbox 125 2493 1131 2587">
     <span class='ocr_line' id='line_1_37' title="bbox 125 2493 1090 2584; baseline -0.005 -55"><span class='ocrx_word' id='word_1_280' title='bbox 125 2495 149 2541; x_wconf 61' lang='grc' dir='ltr'><strong>ἓ</strong></span> <span class='ocrx_word' id='word_1_281' title='bbox 174 2495 366 2533; x_wconf 78' lang='lat' dir='ltr'>XXXVIII.</span> <span class='ocrx_word' id='word_1_282' title='bbox 390 2497 538 2542; x_wconf 60' lang='lat' dir='ltr'><strong>Appiam.</strong></span> <span class='ocrx_word' id='word_1_283' title='bbox 564 2496 659 2532; x_wconf 71' lang='lat' dir='ltr'><strong>civil.</strong></span> <span class='ocrx_word' id='word_1_284' title='bbox 685 2497 707 2530; x_wconf 85' lang='lat' dir='ltr'><strong>l.</strong></span> <span class='ocrx_word' id='word_1_285' title='bbox 732 2507 764 2531; x_wconf 72' lang='grc' dir='ltr'><strong>ι,</strong></span> <span class='ocrx_word' id='word_1_286' title='bbox 786 2493 864 2529; x_wconf 69' lang='lat' dir='ltr'><strong>Liv.</strong></span> <span class='ocrx_word' id='word_1_287' title='bbox 884 2493 976 2538; x_wconf 62' lang='lat' dir='ltr'><strong>Epis.</strong></span> <span class='ocrx_word' id='word_1_288' title='bbox 1023 2540 1056 2584; x_wconf 75' lang='lat' dir='ltr'>E</span> <span class='ocrx_word' id='word_1_289' title='bbox 1085 2504 1090 2515; x_wconf 84' lang='lat'><strong>··</strong></span> 
     </span>
     <span class='ocr_line' id='line_1_38' title="bbox 1024 2556 1131 2587; baseline -0.009 1"><span class='ocrx_word' id='word_1_290' title='bbox 1024 2582 1027 2583; x_wconf 19' lang='grc' dir='ltr'><em>γ</em></span> <span class='ocrx_word' id='word_1_291' title='bbox 1100 2556 1131 2587; x_wconf 64' lang='lat' dir='ltr'><strong><em>A</em></strong></span> 
     </span>
    </p>
   </div>
  </div>
 </body>
</html>
