1638 2937
265 215 358 264 250
431 198 524 248 JO.
566 199 1060 247 FREINSHEMII
1102 200 1452 249 SUPPLEM.'

263 305 325 344 vel
348 303 558 356 praecipuus
581 305 618 344 P.
644 303 856 355 Cethegus,
891 304 1066 354 quicum
1094 304 1220 344 Mario
1253 305 1380 355 pulsus
1411 307 1448 344 in
1483 318 1549 346 ex-

263 366 389 406 silium
415 367 564 415 fuerat,
594 368 732 406 eodem
760 366 797 405 se
823 366 1016 415 contulit3
1053 368 1100 406 ad
1124 368 1278 417 omnia,
1308 382 1388 418 quae
1417 370 1547 409 animo

262 429 375 469 Sullae
394 429 670 478 collibuiffent‚
701 429 952 469 ministerium
970 429 1079 470 suum
1101 431 1278 472 offerens.
1307 433 1405 472 Mox
1429 434 1544 472 etiam

263 491 411 531 deserto
437 493 634 541 Carbone,
668 493 827 542 quaestor
854 495 936 542 ejus
959 493 1090 533 Verres
1107 525 1117 542 ‚
1153 495 1358 534 interversa
1383 495 1549 544 pecunia

261 553 443 603 publica,
463 556 627 593 mutavit
652 555 784 594 fidem.
810 548 919 594 Lucii
942 569 1094 607 quoque
1107 557 1296 606 Scipionis
1317 558 1472 607 quaestot
1484 558 1542 597 M.

260 615 371 664 Piso,
400 630 488 656 cum
522 617 671 667 sequius
703 618 751 656 de
778 618 951 667 partibus
979 618 1042 657 ille
1072 620 1287 668 judicaret,
1327 633 1454 672 neque
1478 633 1545 671 pe-

262 679 412 716 cuniam
444 679 596 728 attigit,
624 691 694 717 nec
727 679 775 718 ad
801 680 1012 718 exercitum
1039 679 1233 730 profectus
1261 681 1323 720 est.

327 749 411 789 VII.
446 748 582 798 Cajum
618 748 757 787 deinde
799 747 1018 787 Carbonem
1056 748 1159 787 Cnaei
1196 748 1369 796 fratrem,
1406 748 1546 789 milites

260 810 375 861 paulo
403 811 564 850 severius
587 810 806 861 exigentem
830 809 999 859 priorum
1026 817 1247 860 temporum
1272 810 1539 861 disciplinam„

263 874 364 913 fafta
395 874 581 913 seditione
612 875 860 913 trucidarunt.
895 874 952 914 Ita
982 876 1016 913 &
1049 874 1349 914 adversariorum
1384 874 1546 915 deficie-

261 934 353 974 bant
386 937 503 983 vires,
530 938 565 974 ἃ
594 934 757 975 Sullanae
788 936 908 985 copiae
933 935 971 973 in
1000 934 1080 974 dies
1101 935 1362 985 augebantur:
1392 934 1546 974 dimiffi-

260 1009 334 1045 que
367 995 496 1045 paffim
527 995 645 1034 duces
670 995 773 1034 haud
801 995 1029 1045 poenitendo
1057 993 1225 1033 successu
1250 995 1424 1045 agebant.
1459 997 1547 1035 No-

259 1056 357 1096 biles
382 1058 483 1094 enim
499 1059 677 1105 juvenes,
693 1058 759 1106 qui
775 1056 991 1106 frequentes
1013 1056 1060 1095 ad
1078 1055 1223 1095 Sullam
1249 1064 1542 1102 concurrerant,

260 1116 326 1154 ubi
365 1115 548 1165 cujusque
586 1115 778 1156 utiliffima
811 1115 1008 1154 videbatur
1040 1116 1169 1154 futura
1206 1129 1346 1166 opera,
1381 1117 1429 1155 ad
1457 1129 1544 1156 eam

261 1178 525 1217 destinabatur.
551 1178 702 1218 Horum
728 1179 786 1217 M.
811 1177 957 1218 Crassus
977 1178 1015 1215 in
1037 1177 1185 1217 Marsos
1209 1179 1263 1217 ire
1282 1177 1400 1227 jussus
1417 1208 1428 1226 ,
1452 1190 1546 1218 cum

261 1239 311 1278 ob
338 1239 460 1278 hostes
483 1240 719 1290 propinquos
737 1240 950 1291 praelidium
974 1239 1202 1290 postularet3
1225 1239 1445 1279 vehementi
1462 1254 1542 1280 ora-

259 1303 364 1342 tione
386 1302 488 1343 Sulla
505 1333 515 1351 ,
549 1305 592 1341 do
613 1304 675 1340 ribi
695 1316 829 1354 patrem
852 1315 969 1350 tuum,
1002 1302 1125 1352 inquit
1139 1332 1150 1350 ‚
1175 1301 1386 1356 fratremque
1407 1304 1443 1342 δ’
1458 1304 1544 1342 ami.

258 1380 339 1412 cos,
367 1380 506 1417 qnorum
523 1366 664 1417 indigne
696 1367 944 1403 interemtorum
966 1368 1150 1419 persequor
1169 1381 1192 1402 a
1207 1365 1384 1416 sceleratis
1406 1381 1543 1419 poenas„

257 1425 309 1464 sle
327 1427 505 1465 incitatus
534 1425 757 1465 adolescens
780 1426 942 1477 impigre
970 1427 1165 1477 perrupit,
1202 1426 1424 1477 magnisque
1444 1427 1545 1466 cele-

260 1487 348 1526 riter
377 1487 600 1538 conscriptis
622 1487 762 1537 copiis,
789 1486 922 1526 utilem
949 1500 994 1526 eo
1025 1487 1128 1527 bello
1152 1501 1307 1538 operam
1333 1489 1513 1539 praestitit.

312 1557 417 1598 VHI.
456 1560 505 1598 At
524 1557 603 1608 ipse
627 1558 852 1607 imperator,
879 1560 943 1608 qui
969 1558 1007 1598 L.
1035 1559 1254 1609 Scipionem
1279 1571 1366 1598 cum
1398 1573 1539 1611 magno

260 1621 428 1658 exercitu
463 1620 501 1658 in
526 1620 771 1670 propinquo,
808 1620 951 1660 multos
978 1620 1072 1660 alios
1107 1622 1223 1661 duces
1246 1621 1380 1661 validis
1415 1623 1544 1673 copiis

258 1680 429 1719 subnisos
458 1681 592 1732 paffim
618 1683 777 1721 tendere
802 1682 937 1730 sciret,
962 1683 1148 1733 imparem
1182 1683 1219 1722 se
1244 1684 1385 1723 viribus
1411 1692 1543 1733 ratus,

262 1741 389 1780 denuo
424 1743 470 1780 ad
498 1744 603 1792 pacis
632 1744 829 1794 negotium
858 1745 1000 1793 adjecit
1022 1746 1209 1784 animum.
1249 1745 1418 1796 Quidam
1446 1746 1540 1788 dolo

258 1803 299 1842 id
325 1804 468 1843 factum
498 1805 728 1845 arbitrantur
747 1838 758 1854 ,
796 1822 872 1847 non
893 1808 1139 1859 improbabili
1166 1809 1408 1857 conjectura,
1433 1810 1539 1859 quod

260 1866 389 1905 sociali
406 1866 746 1918 Mithridaticoque
778 1870 882 1909 bello
901 1870 1035 1909 iisdem
1061 1869 1204 1909 artibus
1228 1870 1351 1909 hostes
1376 1872 1540 1911 circum·

261 1936 426 1966 venerat.
460 1928 534 1968 Sed
565 1929 723 1968 Romani
759 1929 984 1981 scriptores,
1014 1930 1154 1981 quibus
1189 1931 1274 1981 plus
1308 1933 1443 1970 ceteris
1474 1933 1540 1970 tri-

261 1987 354 2027 buas
383 1989 420 2027 in
444 1988 574 2040 patriis
606 1990 717 2029 rebus
735 2021 745 2038 ,
775 1991 874 2030 bona
900 1990 974 2030 fide
1007 2000 1188 2041 certoque
1214 1991 1407 2042 proposito
1437 2005 1542 2042 quae--

262 2051 367 2090 sitam
387 2052 435 2091 ab
462 2065 508 2091 eo
536 2054 785 2092 concordiam
805 2054 996 2094 testantur.

314 2119 384 2160 IX.
416 2120 553 2171 Neque
574 2121 757 2160 recusavit
784 2122 939 2172 Scipio,
968 2122 1086 2171 quin,
1114 2121 1282 2171 acceptis
1313 2120 1539 2170 obfidibus,

260 2192 369 2222 extra
397 2184 511 2223 castra
536 2185 575 2222 in
610 2183 847 2235 colloquium
880 2185 1062 2235 prodiret.
1095 2185 1216 2226 Terni
1243 2191 1391 2223 tantum
1418 2183 1539 2222 collo-

259 2246 339 2283 cuti
367 2243 475 2284 sunt:
502 2258 578 2295 quo
608 2245 746 2297 magis,
775 2247 867 2296 quid
888 2248 1064 2297 utrinque
1092 2246 1236 2285 dit-“turn
1260 2245 1398 2293 fuerit,
1416 2243 1535 2292 latet,

264 2318 335 2343 nec
368 2307 407 2345 in
435 2306 569 2358 vulgus
599 2308 803 2348 emanavit.
838 2310 900 2347 De
925 2310 1126 2348 auctoritate
1149 2316 1281 2347 tamen
1306 2306 1471 2359 senatus,
1497 2309 1542 2345 de

325 2432 347 2473 ς
374 2432 451 2464 Vn.
473 2434 548 2468 Val.
572 2434 665 2468 Max.
689 2441 732 2476 9‘,
758 2444 791 2474 7.
811 2434 900 2467 Plut.
926 2433 960 2466 in
989 2432 1092 2466 Crass.
1115 2445 1144 2466 c.
1165 2442 1197 2474 9.
1221 2432 1243 2476 §
1268 2431 1363 2464 VIII.
1387 2429 1536 2474 Appiam,

268 2482 356 2516 Plut.
377 2484 411 2516 in
430 2487 514 2518 Sull.
540 2498 567 2519 c.
592 2498 644 2529 54.
669 2487 743 2522 Liv.
771 2487 862 2531 Epir.
879 2486 1003 2531 Vellej.
1025 2497 1035 2519 1
1056 2512 1067 2527 ,
1088 2496 1125 2519 2¹.
1151 2485 1224 2518 Cic.
1246 2484 1368 2528 Philip.
1390 2494 1449 2524 12,
1464 2492 1519 2515 ιι,
