1638 2937
233 168 314 216 1N
360 165 524 214 roc,
570 136 710 211 ΜΒ.
766 164 982 212 Lxxvu
1033 167 1180 215 mv,
1267 177 1357 216 ιη

73 276 133 317 13ae
155 277 327 316 fecerunt
347 272 644 315 exscensionem.
666 272 720 311 ibi
742 272 931 323 quaestoris
945 273 1112 313 Romani
1131 286 1220 314 cura
1233 275 1358 325 dispo-

71 335 130 380 titi
159 339 284 389 equite
328 337 614 388 propemodum
637 335 901 385 egredientem
933 336 1021 373 navi
1051 335 1218 375 Marium
1247 350 1358 376 exce<

71 414 174 452 pere.
214 402 270 450 Aq
324 408 422 437 tores
450 398 571 436 ferme
606 396 801 435 sexdecim
831 395 1022 434 interfecti
1049 395 1147 435 sunt.
1184 397 1359 447 Marius„

72 474 237 513 propere
260 459 385 499 soluto
402 459 571 508 navigio,
587 457 815 508 Meningem
842 457 967 496 tenuit
981 487 992 505 ‚
1007 457 1144 497 Africae
1170 458 1356 508 infulam,

71 536 154 574 quae
180 522 298 560 hodie
327 521 517 558 Gerbarum
543 518 736 558 vocabulo
763 518 816 558 est
846 519 984 558 notior.

128 593 253 633 XLII.
286 591 362 631 Hic
385 590 433 628 de
452 587 534 628 filio
566 588 633 627 suo
661 587 883 639 cognoscit,
911 590 1011 627 illum
1035 601 1111 628 cum
1139 590 1185 629 P.
1214 591 1362 643 Cethego

64 656 227 711 fizlvum‚
255 655 302 692 ire
325 654 376 690 ad
399 652 660 704 Hiempsalem,
679 651 752 690 sive
771 653 995 703 Mandreflal
1018 653 1048 691 is
1070 653 1168 692 fuit:
1203 654 1265 692 cui
1294 666 1363 704 pa.

71 719 167 759 trive
185 719 266 766 ejus
281 715 477 756 Numidiae
497 721 643 764 partem
658 743 669 761 .,
689 722 802 764 capto
825 712 1014 763 jugurtha
1030 743 1042 761 ‚
1058 713 1174 753 Marii
1195 715 1365 753 maxime

70 794 188 832 opera
215 780 364 819 senatus
390 777 558 816 dederat.
588 776 692 815 Hinc
709 783 866 825 recepto
891 775 1072 814 nonnihil
1103 777 1260 824 animi),
1289 777 1359 816 sta-

71 844 146 883 tuit
168 844 208 881 in
234 837 582 890 Carthaginiensem
601 850 734 888 agrum
763 836 1026 876 transmittere.
1050 836 1108 877 Ibi
1130 849 1219 876 cum
1242 839 1282 876 in
1306 838 1364 877 lo²

70 907 125 945 cis
154 903 330 944 solitariis
360 901 541 951 vastisque
572 901 745 948 sederet,
777 899 880 939 venit
905 900 954 938 ad
980 912 1068 938 eum
1095 899 1207 939 listor
1238 901 1363 940 Sexti-

70 968 136 1015 lii,
165 967 228 1018 qui
262 975 343 1003 turn
373 963 551 1023 Africam!
574 969 807 1012 propraetore
841 960 1055 1000 obtinebat.
1089 961 1146 1000 De
1175 960 1251 1000 hoc
1275 962 1364 1003 Ma-

70 1030 174 1076 rius,
202 1036 377 1066 neutram
402 1026 440 1064 in
469 1034 617 1076 partem
650 1023 833 1070 meritus,
855 1022 1104 1062 humanitatis
1130 1032 1260 1063 tamen
1287 1024 1366 1066 ali-j

71 1091 178 1143 quod
203 1091 375 1130 officium
400 1088 655 1140 exspectabat.
684 1089 734 1127 At
758 1087 872 1127 lic'lor
898 1089 1053 1126 decedere
1079 1102 1153 1125 eum
1173 1088 1365 1140 provincia

72 1153 176 1204 juffit
191 1184 202 1202 ‚
218 1154 254 1190 ni
275 1154 376 1191 malit
398 1153 435 1190 in
452 1154 519 1205 se,
541 1163 580 1189 ut
603 1151 725 1203 hostem
743 1151 788 1188 ab
802 1150 932 1201 senatu
949 1148 1148 1200 judicatum
1162 1180 1174 1196 ,
1198 1149 1331 1187 decerni
1352 1163 1365 1187 t

72 1225 258 1265 torveque
280 1214 492 1253 intuentem
506 1244 520 1259 ‚
545 1214 581 1251 et
603 1223 740 1250 vocem
757 1208 903 1248 nullam
926 1210 1168 1249 emittentem
1193 1209 1366 1249 Marium

72 1279 220 1329 rogavit
252 1277 433 1323 tandem,
466 1277 589 1327 ecquid
619 1273 813 1312 renuntiari
839 1274 980 1325 praetori
1014 1273 1151 1311 vellet?
1186 1271 1239 1310 ibi
1275 1272 1366 1312 Ma-

72 1340 177 1388 rius,
212 1339 365 1387 nuntia,
401 1339 548 1387 inquit,
577 1336 701 1388 vidiffi:
731 1347 763 1373 te
801 1337 839 1374 C.
867 1335 1025 1373 hiarium
1065 1335 1102 1372 in
1140 1333 1368 1386 Carthaginis

70 1403 222 1453 Magne
247 1400 360 1438 ruinis
379 1399 577 1451 sedentem.-
603 1395 754 1436 duobus
780 1395 995 1434 clarissimis
1019 1393 1208 1445 exemplis
1232 1394 1366 1432 incon,

71 1463 248 1503 stantiam
279 1474 406 1500 rerum
428 1459 684 1499 humanarum
712 1458 884 1510 praetoris
911 1458 1041 1496 animo
1073 1455 1258 1507 figurare,
1285 1468 1367 1495 non

72 1525 202 1576 inepte
226 1533 398 1563 conatus.

129 1595 268 1636 XLIII.
298 1595 376 1636 Hic
398 1595 448 1634 ad
474 1606 563 1632 eum
599 1604 688 1631 cum
721 1589 895 1641 Cethego
925 1589 1024 1628 filius
1046 1589 1171 1636 venit,
1199 1586 1369 1632 Albino-

74 1657 291 1707 vanusque,
311 1658 347 1696 <Se
364 1656 481 1695 ceteri
506 1653 664 1694 exsules.
694 1653 719 1691 ii
743 1653 1002 1692 Numidarum
1031 1651 1166 1699 dolos,
1189 1663 1268 1690 non
1290 1651 1368 1690 {ine

76 1720 220 1769 digno,
247 1719 310 1768 qui
334 1727 514 1764 notetur,
545 1716 631 1755 casu
649 1714 855 1755 evaserant.
884 1713 1054 1753 Marium
1080 1712 1367 1752 adolescentem

74 1782 180 1820 miris
209 1781 249 1819 in
276 1780 441 1830 speciem
474 1779 612 1819 officiis
637 1777 791 1817 colebat
815 1776 998 1828 regulu83
1027 1776 1094 1815 sed
1120 1778 1209 1827 quia
1237 1775 1370 1815 disce-

75 1844 168 1882 dere
195 1843 418 1893 cupientem
451 1840 671 1880 morabatur
701 1839 870 1878 crebrius
900 1840 936 1878 &
966 1838 1154 1888 apertius,
1186 1849 1300 1887 quam
1327 1846 1370 1876 ut:

74 1917 144 1956 per
174 1902 478 1943 benevolentiam
516 1902 640 1941 facere
676 1900 781 1939 credi
811 1898 961 1950 posset,
989 1898 1245 1949 suspicionem
1288 1896 1370 1946 illi,

78 1968 115 2006 ἃ
147 1978 192 2005 ex
220 1965 292 2004 hac
319 1965 517 2005 ardentius
544 1963 719 2003 abeundi
742 1961 973 2001 defiderium
997 1960 1141 2010 injecit.
1172 1961 1291 2010 Igitur
1317 1958 1370 1997 ob

78 2027 245 2066 formam
271 2039 293 2065 a
321 2026 461 2077 pellice
489 2025 592 2077 regia
617 2023 805 2072 dilectus,
839 2034 931 2062 cum
957 2023 1039 2071 ejus
1068 2034 1240 2060 amorem
1267 2031 1373 2059 aver*

78 2088 179 2128 satus
207 2088 373 2139 eousque
400 2087 552 2135 fuiffet,
584 2096 670 2127 tum
700 2086 903 2138 amplexus
941 2085 1181 2124 occasionem
1205 2083 1278 2132 est3
1311 2095 1374 2121 ea-

79 2165 153 2203 que
173 2154 351 2202 juvante,
366 2165 455 2190 cum
471 2152 608 2190 amicis
624 2151 716 2201 fuga
740 2158 853 2200 capta
867 2179 878 2197 ‚
900 2148 948 2187 ad
969 2156 1117 2198 patrem
1142 2145 1371 2196 penetravit,

134 2215 273 2255 XLIV.
289 2215 432 2265 Magna
447 2224 528 2254 erat
545 2213 751 2264 gratulatio
764 2243 774 2260 ,
790 2212 896 2263 quod
918 2210 1002 2261 post
1025 2209 1208 2260 ancipites
1230 2216 1288 2247 tot
1311 2219 1376 2247 ca-

81 2277 143 2318 sus
157 2307 168 2326 ,
182 2279 245 2328 qui
263 2277 309 2316 de
323 2276 360 2316 se
381 2276 530 2327 suisque
546 2276 679 2327 saepius
702 2276 880 2326 utrinque
904 2271 1183 2325 desperassent,
1204 2270 1296 2310 salvi
1316 2269 1376 2309 so-

134 2416 158 2458 ς
185 2415 271 2448 XLI.
289 2413 362 2446 Cic.
381 2425 442 2458 pto
456 2413 567 2447 Plane.
588 2425 616 2445 c.
633 2422 686 2446 ιο.
705 2411 738 2445 &
758 2422 819 2456 pro
839 2412 934 2445 Sext.
953 2410 1100 2454 Appian.
1123 2409 1210 2442 Plut.
1232 2407 1372 2453 §XLIL

99 2467 245 2513 Appiam.
277 2468 348 2502 Cic.
373 2468 413 2500 ad
440 2466 570 2511 Quirit.
596 2478 626 2502 c.
651 2465 683 2499 8.
709 2465 799 2499 Plut.
823 2464 844 2510 5
864 2463 985 2499 XLIII.
1008 2463 1156 2508 Appian-
1179 2461 1271 2497 Plut.
