1638 2937
234 194 332 245 '434
398 179 1437 238 JO.FRE1NSHEM118UPPLEM.

236 289 349 341 preffi
378 290 464 329 sunt
493 304 513 330 a
540 291 700 331 Sextilio
718 322 728 340 ‚
759 305 846 331 cum
875 292 976 332 forte
1004 293 1120 332 castra
1146 295 1380 344 ponentibus
1402 295 1531 349 supera·

237 351 407 391 venisset.
443 352 617 392 Muraena
641 353 679 391 in
707 355 805 392 arcta
835 356 1002 403 quadam
1034 358 1070 393 ot
1098 354 1322 405 confragosa
1347 355 1445 396 valle
1465 357 1531 398 Ti„

227 425 395 465 ‚granem
420 417 576 462 naritus,
613 415 701 455 loco
727 417 929 455 audaciam
961 417 1102 464 dante,
1142 417 1334 457 conseruit
1365 430 1528 459 manust

236 490 363 526 neque
393 477 607 527 spernenda
634 477 793 516 victoria
822 477 990 527 potitus,
1024 479 1315 528 impedimentis
1348 479 1529 518 omnibus

237 551 369 590 tegern
395 540 509 578 exuit.
550 540 625 579 Sed
653 538 854 586 Lucullus,
877 546 920 578 ut
947 540 995 579 ad
1020 553 1189 590 pugnam
1221 554 1309 580 eum
1345 540 1530 589 eliceret,

236 600 374 644 acriter
415 601 686 651 Tigranocerta
727 600 949 651 premebat3
985 614 1065 641 non
1103 602 1179 641 fine
1214 602 1385 653 periculo
1423 603 1527 642 mili-

238 671 351 712 tum,
378 666 418 703 in
448 678 543 714 quos
573 663 729 712 obsessi,
760 674 894 714 praeter
921 663 1030 703 solita
1059 664 1312 704 defendendis
1342 665 1528 715 urbibus,

232 725 343 775 ignes
381 728 512 764 omnia
541 724 835 772 comburentes,
862 738 933 764 nec
964 726 1142 778 restingui
1165 725 1321 777 faciles,
1352 726 1525 776 ejacula-

237 787 388 828 bantur.
806 830 810 832 ‚

293 850 493 890 XXXIX.
526 841 722 899 Naphtam
748 858 890 889 vocant
917 849 1118 890 bituminis
1153 856 1295 900 genus,
1328 844 1426 889 adeo
1461 862 1527 889 coe

238 922 400 964 gnatum
430 911 582 962 ignibus
599 942 610 960 ‚
641 921 684 952 ut
715 913 865 950 eminus
889 912 1012 961 rapiat
1039 911 1236 959 flammas,
1266 913 1301 950 &
1322 921 1525 952 momento

236 973 301 1013 vel
323 975 363 1012 in
383 973 499 1024 longa
521 973 637 1023 spatia
662 972 843 1012 diffusum
867 972 1092 1012 inardescat.
1117 972 1243 1013 similis
1266 981 1402 1012 natura
1424 972 1529 1014 Mal-

235 1033 339 1081 thae,
368 1036 476 1083 cujus
501 1034 540 1072 in
570 1034 849 1084 Commagenes
883 1034 978 1073 urbe
1008 1033 1213 1074 Samosatis
1246 1034 1417 1084 stagnum
1448 1035 1525 1076 est}

240 1109 315 1146 qua
341 1097 478 1143 etiam,
508 1104 758 1146 oppugnante
794 1095 954 1136 Lucullo
996 1109 1152 1145 muros,
1179 1095 1389 1136 defendisse
1411 1092 1532 1147 oppi-

241 1158 334 1196 dum
362 1156 572 1195 traduntur.
609 1157 780 1206 Urgebat
803 1163 933 1195 tamen
965 1158 1164 1207 inceptum
1193 1156 1398 1205 Lucullus,
1419 1157 1529 1198 haud

238 1217 443 1266 dubitans,
471 1217 733 1257 succursurum
757 1219 792 1257 ei
821 1218 905 1257 urbi
931 1218 1168 1268 Tigranem,
1193 1231 1310 1267 quam
1327 1226 1439 1257 tantae
1461 1232 1528 1258 cu-

237 1294 289 1319 tae
314 1279 464 1330 semper
485 1279 695 1328 habuisset,
716 1289 850 1330 totque
873 1292 918 1318 ac
942 1281 1055 1318 tantis
1074 1278 1308 1318 nobilitaffet
1324 1292 1528 1318 ornamen-

237 1343 302 1380 tis.
336 1342 512 1391 Namque
542 1341 745 1391 Tigranes,
773 1349 815 1380 ut
841 1341 940 1380 hanc
967 1342 1143 1385 omnium
1174 1341 1342 1380 efficeret
1368 1341 1530 1393 opulen-

239 1403 422 1443 tisfimam
440 1434 452 1451 ‚
485 1404 706 1454 proceribus
739 1403 836 1453 sui83
864 1416 903 1442 ut
936 1405 984 1442 ibi
1016 1405 1177 1443 haberent
1207 1403 1412 1450 domicilia,
1436 1416 1529 1454 prae-

239 1475 417 1516 ceperat,
435 1467 561 1505 mulera
586 1480 716 1520 quoque
741 1467 899 1518 impofita
914 1495 924 1515 ,
953 1480 1014 1514 ut,
1037 1466 1210 1518 quidquid
1224 1466 1454 1519 pretiosarum
1473 1480 1527 1512 re-⁴

239 1542 312 1566 rum
343 1528 380 1565 in
410 1542 482 1566 eam
503 1527 613 1565 urbem
640 1541 709 1565 non
730 1527 973 1580 transtuliffi‘nt
990 1557 1000 1574 ‚
1021 1527 1268 1581 publicaretur·

296 1588 379 1628 XL.
407 1589 496 1628 Huc
520 1590 661 1629 coaCti‘s
678 1589 917 1637 Graecorum,
940 1588 1226 1628 Adiabenorum
1241 1617 1252 1637 ‚
1272 1587 1527 1644 Assyriorum,

245 1650 558 1699 Gordienorum,
601 1664 698 1700 eque
727 1651 973 1701 Cappadocia
1009 1653 1043 1690 ὃς
1076 1650 1211 1690 Cilicia
1245 1649 1374 1689 multis
1409 1649 1530 1688 milli»

240 1711 314 1750 bus
331 1741 342 1760 ,
372 1725 535 1762 quorum
560 1713 697 1764 patrias
721 1726 799 1752 non
827 1712 939 1752 aliam
962 1713 1083 1751 ferme
1110 1712 1160 1751 ob
1190 1710 1353 1750 causam-
1373 1711 1528 1751 excide-

240 1783 323 1822 rat,
351 1787 500 1814 murum
525 1784 722 1815 curaverat
744 1775 1062 1815 exaedificandum
1096 1774 1314 1813 cubitorum
1337 1774 1527 1824 quinqua„-

246 1837 350 1886 ginta
375 1835 602 1885 altitudine,
638 1837 676 1875 in
701 1839 809 1886 cujus
837 1836 983 1875 ambitu
1018 1836 1162 1876 stabula
1199 1848 1385 1886 equorum
1417 1841 1527 1875 erant
1561 1873 1563 1876 .

247 1898 436 1949 dispofita.
454 1899 618 1950 Regiam
639 1911 792 1949 quoque
819 1899 1026 1949 hortosque
1047 1900 1088 1938 in
1109 1898 1323 1946 suburbiis,
1346 1898 1528 1938 ferarum-

244 1974 320 2011 que
343 1963 377 2001 &
405 1960 562 2012 piscium
588 1961 753 2008 vivaria⁷
778 1960 945 2011 itemque
966 1972 1090 1999 arcem
1112 1959 1278 1998 validam
1295 1961 1405 2008 juxta
1430 1959 1527 1998 stru-

245 2033 362 2064 xerat.
393 2037 518 2074 neque
533 2024 782 2065 Mithridates
808 2024 931 2073 aliud,
950 2038 1063 2074 quam
1087 2024 1191 2074 quod
1217 2024 1254 2062 in
1274 2021 1524 2072 exspedtatio.

245 2098 295 2124 ne
323 2085 473 2125 Luculli
498 2097 601 2132 erat,
635 2087 841 2126 metuebat.
877 2086 1017 2125 crebris
1046 2099 1135 2135 ergo
1167 2085 1308 2123 nuntiis
1334 2083 1526 2133 literisque

177 2180 185 2189 ,
246 2146 429 2185 monebat
459 2147 688 2197 Tigranem,
725 2161 773 2187 ne
803 2149 843 2186 in
879 2148 1080 2186 discrimen
1115 2158 1172 2184 res
1207 2146 1335 2185 daret:
1371 2153 1524 2184 tantum

247 2206 472 2258 intercipere
514 2219 775 2248 commeatum
818 2211 1009 2248 niteretur.
1062 2221 1177 2247 unam
1220 2207 1321 2247 hanc
1358 2208 1526 2248 vicioriae

245 2269 369 2309 viam:
395 2269 542 2308 collatis
563 2271 670 2321 signis
689 2271 980 2322 insuperabilem
1008 2284 1088 2309 rem
1114 2271 1330 2310 Romanam
1355 2270 1441 2309 effe.

301 2332 403 2373 XLI.
419 2333 560 2372 Eadem
583 2333 735 2374 Taxiles
749 2364 760 2383 ,
784 2334 861 2373 dux
885 2333 1120 2374 Mithridatis
1136 2364 1150 2388 9
1170 2333 1236 2383 qui
1262 2342 1345 2372 tum
1365 2330 1527 2382 Tigrani

296 2458 317 2499 ξ
331 2457 522 2491 XXXVIII.
536 2459 703 2502 Xiphilin.
720 2459 807 2492 Prut.
827 2460 847 2503 §
865 2457 1023 2492 XXXIX.
1036 2456 1166 2492 Sallust.
1179 2460 1264 2493 Plin.
1284 2470 1302 2492 2
1317 2485 1326 2501 ,
1348 2470 1398 2493 ror
1412 2483 1419 2491 .
1438 2459 1528 2492 Plut-

249 2501 286 2535 ἰιι
301 2504 398 2536 Alex.
411 2516 438 2536 c.
454 2513 492 2545 54
506 2529 514 2545 ,
532 2504 563 2536 ὃ(
580 2505 708 2539 Lucan.
724 2505 870 2550 Appian.
890 2506 911 2551 §
926 2505 997 2540 XL.
1012 2504 1102 2543 Prut.
1115 2504 1259 2540 Diodor.
1273 2506 1296 2540 1.
1308 2515 1362 2551 35.
1380 2504 1529 2549 Appian-
