1638 2937
236 180 314 226 IN
351 179 514 226 LOC.
559 181 686 226 LIB.
727 180 926 228 LXXXI
967 184 1102 231 LIV.
1249 201 1340 249 173

57 287 376 338 ,oppugnandum
395 286 547 334 sumsit,
584 286 650 325 ubi
680 287 772 337 regii
799 299 887 326 cum
912 296 1070 338 praetore
1102 289 1169 330 suo
1194 292 1339 335 moeni‘i

59 347 133 388 bus
157 362 178 388 a
202 349 342 389 Pericle
369 350 463 389 olim
494 349 640 389 structis
666 348 702 388 se
725 349 964 388 incluserant.

113 418 157 456 V.
184 417 291 458 Bello
317 420 416 458 enim
440 417 782 469 Peloponnesiaco,
814 418 972 459 Pericles
992 419 1031 457 in
1059 421 1341 461 munitionibus

55 478 184 520 Piraeei
222 480 286 531 spe
313 482 479 520 victoriae
509 480 719 529 collocata,
754 494 907 520 murum
935 493 978 519 ex
999 482 1183 531 quadrato
1207 482 1337 533 lapide:

53 540 224 590 ingentis
253 542 552 591 magnitudinis,
585 542 634 580 ad
665 540 907 579 altitudinem
937 540 1153 580 cubitorum
1177 543 1338 590 quadran

55 603 164 652 ginta
196 603 514 643 circumduxerat.
546 605 628 643 Nec
648 603 916 649 dubitabatur,
944 601 1181 652 superiorem
1204 603 1338 652 utique

52 665 191 705 urbem
221 665 281 705 vel
308 666 475 706 sedendo
503 666 711 717 expugnari
740 664 871 716 posse,
909 664 1013 714 quod
1045 677 1184 714 magna
1208 677 1338 705 rerum

53 728 348 768 necessariarum
372 729 528 780 penuria
550 730 680 768 inerat.
709 728 784 768 Sed
809 727 1026 777 frequentes
1052 727 1178 767 Roma
1194 727 1242 766 de
1267 739 1337 765 no⁶¹

55 790 114 828 vis
136 790 250 830 rebus
267 793 411 840 nuntii,
433 792 607 831 festinare
629 793 758 843 potius
781 803 870 829 cum
893 788 1064 840 periculo
1079 819 1090 837 ‚
1108 803 1223 840 quam
1243 803 1336 831 cum

54 851 178 891 multa
203 856 384 904 temporis
408 856 553 904 jactura
579 862 665 893 tuto
691 855 871 901 vincere,
895 851 1098 902 cogebant.

121 924 182 964 VI.
216 925 336 975 Igitur
364 925 474 965 scalis
508 926 556 965 ad
589 926 769 966 Piraeeum
810 924 1003 973 admotis,
1032 937 1171 975 magna
1200 925 1234 963 vi
1267 936 1334 964 co,⁸

50 993 164 1025 natus
187 986 238 1025 est
270 1000 530 1038 perrumpere:
561 988 686 1027 donec
707 987 838 1027 omnia
862 987 1124 1038 nequidquam
1149 996 1331 1038 expertus

50 1048 154 1100 (nec
186 1048 287 1087 enim
320 1049 470 1100 segnius
490 1050 528 1089 se
553 1050 644 1100 regii
677 1048 965 1102 defendebant)
998 1048 1046 1087 ad
1075 1050 1334 1099 compingen-

51 1110 120 1149 das
143 1124 258 1151 omne
281 1125 400 1163 genus
424 1113 620 1153 machinas
650 1113 864 1153 Eleusinem
890 1115 925 1152 &
950 1112 1107 1163 Megara
1135 1112 1333 1151 concessit.

49 1174 231 1224 operibus
247 1177 348 1216 enim
372 1191 592 1229 oppugnare
607 1178 786 1217 Piraeeum
813 1174 1021 1226 cogitabat.
1045 1187 1135 1214 eum
1157 1175 1195 1213 in
1219 1174 1332 1215 usum

47 1236 234 1285 artifices,
250 1238 492 1289 ferrumque,
519 1241 554 1279 ὃς
571 1238 795 1289 catapultae,
823 1238 990 1287 aliusque
1010 1245 1238 1287 apparatuS,
1266 1236 1331 1275 de-¹

48 1310 135 1338 cem
174 1299 343 1340 millibus
369 1301 562 1340 mulorum
591 1302 712 1351 jugis,
747 1313 796 1341 ex
823 1299 916 1338 urbe
949 1298 1135 1338 Thebana
1164 1297 1330 1337 advehe-

48 1358 209 1402 bantur:
232 1363 356 1402 donec
379 1363 511 1413 inopia
534 1363 700 1402 materiae
726 1361 875 1416 (multa
895 1361 998 1400 enim
1019 1373 1133 1414 opera
1148 1368 1330 1410 corrupta.

49 1424 251 1463 &incensa
269 1424 316 1463 ab
334 1425 525 1474 hostibus,
546 1434 611 1464 aut
630 1424 696 1463 suo
723 1424 894 1475 pondere
909 1421 1202 1473 procumbentia
1225 1423 1324 1471 peri-

45 1484 167 1538 bant)
195 1485 310 1524 sacris
339 1499 492 1537 quoque
518 1485 612 1526 lucis
634 1486 768 1535 injecit
793 1498 974 1531 manum,
999 1486 1034 1524 ἅ
1054 1482 1326 1531 Academiam,

42 1548 320 1588 nobilissimum
357 1550 458 1589 orbis
494 1559 676 1588 terrarum
713 1548 977 1600 gymnasium,
1016 1559 1092 1596 quo
1126 1560 1205 1584 non
1242 1554 1324 1585 erat.

42 1610 140 1650 alius
163 1611 203 1650 in
228 1611 454 1652 suburbanis
484 1611 718 1651 nemorosior
742 1611 869 1658 locus,
895 1610 1192 1660 proximumque
1218 1609 1322 1649 fama

47 1675 85 1713 ἃ
111 1674 333 1714 amoenitate
357 1675 559 1726 Lycaeum,
588 1672 787 1713 arboribus
814 1671 985 1711 nudavit.

98 1744 182 1783 VII.
212 1745 335 1795 Longi
359 1745 477 1783 etiam
505 1744 628 1792 muri,
651 1743 715 1794 qui
750 1743 799 1782 ad
828 1742 965 1794 urbem
989 1741 1276 1782 Atheniensium
1297 1756 1322 1782 a

41 1813 157 1856 portu
183 1805 450 1856 pertinebant,
471 1805 635 1851 subruti,
658 1804 744 1843 saxa
772 1802 972 1853 trabesque
1003 1803 1189 1841 struendis
1210 1815 1325 1855 agge-

41 1866 146 1905 ribus
175 1856 426 1917 praebuerunt.
471 1867 586 1907 Forte
616 1866 724 1905 miles
751 1865 943 1916 caespitem
976 1864 1124 1911 ferens,
1154 1864 1321 1904 fulmine

41 1928 279 1967 exanimatus
308 1928 545 1978 prociderat:
575 1927 626 1966 ob
652 1941 737 1966 eam
770 1939 852 1965 rem
881 1923 1074 1964 consultus
1106 1924 1319 1973 haruspex,

26 1988 135 2044 'quod
157 1990 333 2042 percuffits
368 1991 407 2028 in
437 2005 533 2043 opere
557 1990 683 2038 miles,
721 2000 888 2040 caputque
912 1987 1063 2040 jacentis
1089 1987 1127 2024 in
1156 1987 1319 2038 oppidum

38 2053 172 2105 ’versum
201 2052 306 2104 affec,
334 2052 511 2090 introitum
536 2053 571 2090 δ’
602 2051 778 2089 νὶέῖοήανη
813 2048 989 2101 respondit
1025 2049 1222 2095 Romanis,
1253 2050 1322 2100 fid

38 2128 110 2152 non
136 2114 202 2164 nifi
229 2115 303 2166 post
328 2114 525 2151 diuturnum
554 2113 700 2150 laborem
717 2110 923 2162 fignificari.
961 2109 1040 2149 Has
1068 2109 1165 2146 inter
1191 2121 1316 2147 moras

42 2178 79 2216 δι
105 2174 249 2213 sumtus
273 2174 478 2213 obsidionis
493 2203 504 2221 ‚
531 2186 621 2211 cum
647 2171 701 2210 rei
724 2170 948 2209 nummariae
971 2167 1171 2207 difficultas
1195 2167 1316 2206 inces-

38 2236 156 2284 sisset,
180 2235 220 2276 L.
241 2235 345 2276 Sulla
370 2235 491 2274 sacros
516 2234 666 2274 Graeciae
689 2232 884 2272 thesauros
905 2233 945 2270 in
966 2229 1228 2294 promiscuum
1250 2241 1317 2280 pe-

85 2363 108 2405 §
134 2361 194 2394 IV.
215 2360 354 2393 Pausan.
380 2362 403 2393 l.
429 2371 458 2393 1.
483 2359 572 2394 Plut.
596 2360 743 2404 Appiam.
767 2359 789 2403 5
813 2358 858 2393 V.
882 2358 1028 2402 Appian.
1052 2356 1141 2389 Piut.
1168 2355 1314 2388 Diodor-

35 2425 90 2459 ap.
116 2414 227 2447 Vales.
266 2414 287 2457 5
311 2414 370 2446 VI.
391 2413 519 2457 sulpic.
541 2425 598 2460 ap.
627 2414 700 2449 cic.
728 2413 804 2452 faui.
821 2423 864 2458 4,
890 2424 941 2450 12.
963 2412 1052 2448 Piut.
1072 2411 1219 2456 Appian.
1240 2409 1312 2447 Julo

32 2466 160 2514 ,Obseq-
189 2466 329 2504 Pausau.
353 2468 377 2502 1.
406 2479 440 2512 9.
