1638 2937
250 180 335 229 1N
373 183 545 230 Loc,
590 182 729 228 ΜΒ.
763 183 954 235 xcviii
1000 174 1147 231 LIV.
1278 190 1381 246 427⁴

97 288 345 330 trucidandos
380 289 633 340 Sinopenses‚
667 289 912 340 acceptisque
940 290 1158 340 ingentibus
1187 290 1375 341 praemiis¹

95 351 321 401 tradendam
347 352 509 392 Lucullo
536 351 682 391 urbem.
709 352 806 401 Qum
826 362 960 391 neuter
989 355 1163 399 cederet,
1182 365 1220 391 re
1242 353 1282 391 in
1299 364 1381 390 me-

95 410 162 451 dio
192 412 350 460 relicta,
380 428 471 465 opes
501 414 582 453 suas
610 414 790 454 onerariis
817 414 976 453 navibus
1003 415 1196 465 impolitas
1225 416 1273 454 ad
1296 415 1380 455 Ma-

95 468 250 512 charem
285 474 470 514 miserunt
488 505 499 524 ,
524 475 759 522 Mithridatis
782 474 928 522 filium,
958 475 1020 525 qui
1048 483 1133 520 tum
1157 476 1262 524 apud
1289 473 1379 514 Col-

94 533 192 572 chos
214 535 362 586 agebat.

114 621 116 623 -
149 596 242 637 XX.
276 598 430 637 Circum
453 597 535 638 haec
557 599 757 649 occupatis
782 597 963 638 Lucullus
985 597 1225 648 supervenit,
1245 596 1385 636 castris-

99 669 174 707 que
198 658 247 703 ad
275 659 447 709 Sinopen
473 659 626 710 positis,
652 661 889 700 obsidionem
915 661 1050 709 coepit.
1076 660 1271 699 Venerunt
1291 671 1384 698 mox

97 733 116 758 a
144 719 326 760 Machare
347 721 487 772 legati,
514 722 738 762 societatem
765 725 800 763 δε
825 723 1032 762 amicitiam
1058 731 1255 772 petentes:
1285 734 1383 771 quos

95 780 161 820 ille
189 782 348 821 comiter
369 792 541 834 receptos
563 785 692 824 omnia
721 785 866 836 sperare
884 799 904 824 a
928 785 963 824 se
989 788 1023 824 ἃ
1039 785 1186 835 populo
1203 785 1383 825 Romano

95 844 224 892 justit,
253 845 347 884 dum
371 859 419 884 ne
446 857 666 886 commeatu
688 860 754 886 rex
776 861 908 886 eorum
935 845 1163 897 Sinopenses
1178 877 1190 893 ,
1215 854 1280 885 aut
1303 844 1383 883 ulla

95 918 138 944 re
157 906 229 946 alia
250 912 410 956 juvaret.
434 909 656 959 Machares,
674 911 848 961 responso
874 910 1025 951 Luculli
1050 910 1230 960 cognito,
1253 906 1384 946 fecisse

96 968 285 1019 imperata
311 983 391 1009 non
416 980 645 1018 contentus,
679 982 722 1010 ut
748 973 784 1012 se
813 973 910 1012 bene
938 975 972 1012 <Sc
993 973 1164 1023 gnaviter
1186 968 1383 1015 destinasse

97 1030 278 1080 probaret
307 1033 518 1071 amicitiam
550 1034 765 1073 Romanam
803 1035 955 1083 colere,
991 1034 1177 1084 quidquid
1207 1033 1248 1071 in
1275 1031 1387 1077 usum

97 1090 456 1133 Mithridaticarum
478 1095 643 1145 partium
666 1105 888 1147 paraverat,
918 1097 1017 1135 ultro
1039 1096 1079 1135 in
1108 1095 1225 1135 castra
1248 1092 1385 1134 Lucul-

97 1151 126 1192 li
153 1154 263 1194 milit.

151 1216 267 1262 XXI.
306 1216 361 1257 Ea
386 1230 443 1257 res
470 1231 548 1257 non
577 1217 699 1258 solum
727 1218 978 1258 obsessoribus
1005 1219 1097 1258 fecit
1124 1218 1295 1263 animos,
1316 1215 1384 1255 sed

102 1277 138 1315 ἀ
170 1285 349 1328 tyrannos
374 1279 526 1329 penitus
558 1280 688 1329 adegit
711 1281 759 1320 ad
787 1275 1103 1331 desperationem.
1127 1280 1248 1330 Igitur
1271 1279 1386 1317 noete

102 1339 268 1388 quadam
291 1353 357 1390 per
383 1340 522 1379 milites
548 1341 641 1381 urbe
659 1341 755 1388 jussa
780 1343 914 1392 diripi,
933 1337 1211 1391 levioribusque
1227 1339 1386 1389 navigiis

101 1401 260 1442 delectis
276 1433 287 1451 ,
308 1416 399 1442 cum
425 1404 574 1454 magnis
602 1405 746 1443 divitiis
770 1404 819 1443 ad
839 1404 1017 1442 interiora
1041 1404 1177 1450 Ponti,
1195 1402 1258 1441 ubi
1284 1402 1386 1440 San-

101 1462 143 1500 ni
171 1462 338 1513 Lazique
375 1464 579 1512 accolunt,
609 1464 883 1515 profugerunt,
908 1463 1060 1515 ignibus
1087 1474 1197 1503 antea
1223 1462 1386 1511 reliquas

99 1526 141 1564 in
173 1539 286 1565 naves
311 1527 472 1576 injectis.
513 1527 716 1574 Lucullum
755 1536 859 1566 ortus
892 1527 931 1564 in
959 1527 1052 1565 urbe
1079 1528 1221 1566 clamor
1252 1523 1385 1578 (mul-

102 1597 182 1628 tam
203 1591 308 1629 enim
325 1591 468 1629 caedem
491 1591 588 1629 inter
608 1590 870 1641 diripiendum
888 1589 1023 1630 Cilices
1040 1588 1259 1641 ediderant)
1277 1583 1385 1625 simul

101 1650 259 1693 flamma
284 1650 362 1692 visa
388 1652 611 1699 admonuit,
638 1661 680 1690 ut
718 1652 766 1690 ad
793 1652 928 1691 urbem
956 1652 1114 1690 duceret
1131 1682 1142 1698 ‚
1167 1652 1276 1698 cujus
1304 1645 1384 1698 jam

100 1713 216 1751 etiam
241 1722 366 1763 partes
385 1713 532 1764 aliquas
550 1714 645 1764 ignis
663 1713 1019 1764 comprehenderat..
1051 1712 1170 1753 Scalis
1193 1711 1384 1757 admotis,

102 1772 219 1811 facile
246 1773 528 1823 transcensum3
550 1778 586 1815 ot
601 1775 762 1823 Cilices,
785 1788 880 1826 quos
903 1776 1029 1826 praeda
1050 1775 1283 1819 tardaverat,
1305 1769 1387 1822 pas-

100 1833 171 1872 sim
196 1835 322 1874 occisi.
361 1849 410 1874 ne
430 1837 631 1890 oppidanis
655 1837 809 1888 quidem
834 1838 938 1888 parci
964 1838 1062 1875 inter
1085 1834 1293 1874 tumultum
1317 1846 1386 1883 po-

100 1896 199 1944 tuit,
224 1897 347 1936 donec
371 1900 459 1939 octo
487 1899 606 1937 ferme
633 1898 836 1945 hominum
857 1899 1064 1939 interfectis
1091 1897 1260 1938 millibus
1278 1927 1289 1945 ,
1313 1908 1385 1942 ca:-

103 1959 218 1999 dibus
253 1960 430 2000 abstineri
458 1963 665 2012 imperator
691 1961 806 2012 juffit.

156 2022 290 2061 XXII.
325 2022 477 2061 Deinde
502 2023 720 2063 consolatus
749 2023 998 2074 Sinopenses,
1021 2024 1199 2074 privatim
1219 2022 1282 2062 sua
1305 2020 1384 2061 cui-

102 2095 178 2132 que
211 2083 404 2132 reddidit,
434 2084 591 2134 publice
621 2085 728 2122 dedit
755 2084 995 2124 libertatem:
1028 2095 1160 2135 praeter
1184 2085 1383 2135 ingenium

100 2142 321 2182 beneficum
349 2157 394 2182 ac
417 2145 529 2193 mite,
562 2144 710 2183 somnio
736 2159 890 2195 quoque
922 2156 1060 2186 motus.
1099 2147 1271 2186 Proxima
1293 2153 1382 2184 ante

103 2207 335 2256 capiendam
368 2207 501 2244 urbem
533 2208 682 2255 quiete,
716 2207 844 2246 videre
873 2207 969 2246 visus
1005 2207 1056 2246 est
1085 2207 1238 2246 habitus
1275 2208 1385 2257 igno·

101 2268 211 2306 tioris
246 2267 471 2316 hominem,
504 2268 693 2319 paulisper
725 2269 927 2319 jubentem
957 2270 1161 2320 progredi,
1192 2277 1234 2308 ut
1263 2271 1384 2308 Auto-

99 2329 190 2381 lyco
224 2339 450 2370 occurreret.
485 2329 530 2370 Id
562 2330 753 2370 somnium
778 2331 876 2370 inter
903 2341 1091 2371 tantarum
1119 2344 1248 2370 rerum
1273 2343 1387 2371 occu·

143 2494 147 2498 Ι
175 2450 196 2492 5
221 2449 312 2482 xix.
346 2451 434 2484 Plnt.
462 2452 636 2498 Memnon.
674 2454 696 2498 ς
725 2453 816 2487 xx1.
841 2455 987 2500 Appian.
1009 2434 1170 2491 rainu-121.
1200 2452 1380 2487 Memnon.

100 2491 189 2541 [filiu.
217 2496 236 2529 6
253 2521 264 2538 2
288 2508 322 2538 4.
348 2496 435 2530 Plut.
467 2496 568 2536 Oros.
905 2504 907 2507 ’
