1638 2937
285 203 349 262 46
449 201 540 247 JO.
573 195 1067 263 FREINSHEMII
1109 194 1471 244 SUPPLEM.
1512 240 1522 241 t

293 309 504 356 eximeret,
534 308 668 358 ingens
698 304 913 346 Marsorum
945 303 1135 342 exercitus
1164 304 1277 342 venit.
1306 303 1441 354 Neque
1470 300 1575 343 terris

290 377 352 408 tus
378 367 535 418 consul,
565 368 676 419 {ignis
701 367 848 406 collatis
872 377 1010 415 magna
1042 366 1078 404 ἅ
1104 363 1209 404 felici
1241 378 1370 416 pugna
1398 377 1485 405 cum
1513 367 1575 405 his

293 431 505 470 dimicavit.
547 428 822 477 Duodeviginti
860 427 1025 466 hostiurn
1062 425 1181 464 millia
1217 439 1307 465 cum
1345 429 1576 478 imperatore

289 492 440 534 Franco
465 492 556 546 (nifi
586 492 685 530 forte
714 490 890 530 Afranius
912 488 1059 541 fuerit)
1091 488 1184 528 caesa
1208 488 1318 529 sunt..

346 560 458 601 XIX.
485 562 662 610 Quatuor
686 557 909 598 Italicorum
938 556 1084 604 millia,
1117 569 1206 596 curn
1240 557 1403 597 densatis
1430 559 1575 597 ordini-

290 622 362 662 bus
387 634 408 660 e
428 622 555 660 media
585 620 688 659 caede
715 621 756 657 in
782 621 917 668 jugum
940 619 1033 657 editi
1060 619 1203 658 montis
1235 619 1455 668 evasissent,
1477 620 1575 659 nivi-

288 685 367 727 bus.
389 686 424 724 ἃ
449 686 486 723 vi
515 681 663 733 frigoris
694 680 883 731 oppreffi‚
908 681 947 718 in
977 679 1188 719 miserabile
1216 681 1476 731 spectaculum
1505 681 1576 720 hu-

287 760 411 786 manae
429 745 645 795 fragilitatis
672 745 724 782 ita
753 743 1017 793 diriguerunt,
1045 753 1088 782 ut
1108 744 1243 793 procul
1265 744 1472 783 visentibus
1491 745 1573 795 spe-

288 809 368 847 cies
400 809 439 846 in
472 809 552 845 acie
580 806 758 851 stantium
784 806 1029 854 objiceretur.
1063 806 1138 845 Sed
1167 808 1202 845 ἅ
1230 806 1386 856 propius
1407 806 1574 857 suggres-

286 869 314 907 si
338 868 558 919 patentibus
593 880 726 905 omnes
749 867 891 910 oculis„
928 874 1061 916 aperto
1087 879 1151 904 ore
1172 866 1246 905 effe
1267 867 1469 916 videbant,
1487 881 1573 918 par-

287 934 361 970 'tim
383 932 558 980 stirpibus
587 939 651 968 aut
675 930 798 975 saxis,
826 930 964 979 partim
989 930 1102 968 armis
1129 930 1296 978 innisos,
1327 940 1371 969 ut
1400 939 1572 970 mortuos

288 1007 368 1032 non
390 993 493 1031 aliud
521 992 624 1042 prius
645 992 855 1039 indicium,
891 989 1013 1042 quam⁵
1029 993 1135 1031 nulio
1161 1005 1269 1032 motu
1294 1003 1464 1033 mutatus
1488 1007 1572 1034 cor-

287 1072 426 1109 porum
453 1057 632 1103 habitus,
654 1066 836 1107 argueret.
866 1057 960 1097 Haec
989 1058 1092 1107 apud
1116 1059 1293 1098 Orofium
1313 1060 1365 1097 ita
1386 1058 1474 1097 sunt
1498 1069 1573 1098 tra-

290 1122 398 1168 dita,
433 1121 655 1171 scriptorem
686 1120 789 1159 haud
816 1120 1160 1170 accurafflffimum,
1198 1123 1233 1161 &
1264 1123 1304 1160 in
1330 1123 1465 1162 eadem
1496 1122 1571 1161 hac

287 1183 445 1222 historia
486 1182 615 1221 secum
645 1182 742 1232 saepe
773 1190 1021 1233 pugnantem.
1448 1207 1460 1225 ,

338 1253 429 1292 XX.
462 1251 635 1291 Aliorum
668 1252 902 1302 probabilior
933 1253 985 1292 est
1013 1255 1206 1303 narratio⁷
1230 1255 1377 1296 Marsos
1406 1259 1442 1296 ὃ(
1472 1255 1568 1296 alios

284 1313 406 1363 superi
436 1313 548 1351 maris
568 1311 718 1351 accolas
733 1343 744 1360 ‚
766 1313 965 1353 Umbriam
988 1313 1252 1365 Etruriamque
1277 1317 1405 1356 adhuc
1423 1319 1461 1356 in
1484 1331 1569 1367 par-

284 1375 385 1414 tibus
413 1375 485 1414 effe
513 1385 640 1422 ratos,
668 1375 889 1425 quindecim
917 1375 1120 1416 hominurn
1148 1376 1291 1426 millia,
1320 1391 1388 1429 per
1418 1379 1567 1430 longin-

287 1451 381 1488 quos
411 1440 446 1478 ἅ
477 1437 651 1477 difficiles
676 1437 816 1486 calles,
846 1438 952 1478 velut
981 1439 1123 1478 auxilio
1154 1440 1285 1479 Tuscis
1314 1440 1460 1480 misisse.
1493 1441 1567 1481 Eos

284 1507 431 1537 mutata
457 1498 611 1547 omnia,
651 1500 687 1538 δι
720 1511 808 1536 cum
836 1498 903 1537 Cn.
930 1498 1116 1550 Pompejo
1155 1498 1312 1538 consule
1346 1501 1568 1540 Romanum

285 1563 499 1600 exercitum
526 1562 571 1600 iis
592 1561 688 1600 locis
711 1561 935 1600 offendisse:
963 1562 1175 1613 amiffisque
1192 1562 1290 1601 mala
1307 1554 1433 1613 pugna
1461 1565 1570 1613 quin-

284 1637 358 1676 que
388 1624 583 1671 millibus,
611 1624 775 1673 reliquos
806 1638 873 1676 per
899 1624 1036 1665 hiemis
1064 1628 1099 1666 &
1124 1626 1298 1666 locorum
1324 1615 1566 1676 asperitatem

283 1688 332 1725 ad
365 1686 430 1725 sua
455 1686 577 1724 redire
605 1686 729 1735 nisos,
758 1699 847 1725 cum
876 1688 924 1727 ad
955 1687 1096 1738 reliqua
1127 1688 1226 1727 mala
1254 1689 1376 1727 fames
1405 1690 1569 1728 accede-

282 1757 364 1794 ret,
392 1747 593 1797 glandibus
624 1749 796 1798 inopiam
822 1748 1056 1797 sustentaffe3
1096 1749 1220 1788 donec
1249 1749 1411 1788 dimidia
1444 1750 1566 1789 ferme

282 1822 370 1860 pars
391 1811 591 1858 evaderet,
621 1812 753 1850 ceteris
776 1811 922 1851 diversa
952 1812 1079 1863 peste,
1108 1813 1174 1852 sed
1209 1814 1375 1852 maxime
1411 1813 1565 1864 frigoris

282 1871 485 1921 violentia,
516 1873 718 1913 exstinftis.

337 1935 451 1974 XXI.
496 1936 590 1976 Haec
617 1950 638 1975 a
667 1938 850 1987 Pompejo
877 1937 1010 1988 primis
1041 1936 1259 1977 consulatus
1289 1937 1345 1977 sui
1375 1938 1564 1977 mensibus

284 1996 384 2047 gesta
406 1997 553 2046 videri,
587 2007 723 2049 praeter
750 2000 948 2049 Epitome's
978 1999 1142 2039 Livianae
1175 1999 1330 2047 seriem,
1358 2012 1439 2049 quae
1469 1999 1566 2038 mihi

280 2059 323 2096 in
350 2057 423 2097 illis
449 2068 667 2110 temporum
694 2059 921 2111 labyrinthis
945 2061 1170 2111 plerumque
1186 2073 1255 2110 pro
1279 2060 1344 2099 filo
1372 2061 1563 2100 Ariadneo

282 2117 362 2164 est,
403 2131 624 2169 argumenta
659 2133 783 2159 rerum
819 2121 984 2171 ipsarum
1017 2130 1174 2172 cogunt.
1213 2134 1303 2160 nam
1331 2123 1367 2161 Sc
1404 2120 1563 2159 hiemali

280 2186 455 2230 tempore
469 2182 567 2231 gesta
585 2185 786 2222 convenit:
812 2186 863 2232 δε,
875 2197 924 2223 ne
940 2184 987 2223 ad
1003 2185 1212 2235 postremos
1231 2183 1452 2238 consulatus
1467 2182 1565 2232 ejuss-

285 2242 371 2279 dem
402 2244 548 2283 menses
573 2247 803 2295 referamus,
827 2247 1051 2287 marsorum
1068 2248 1263 2298 expeditio
1285 2255 1419 2295 vetat,
1443 2237 1559 2297 quam

284 2300 334 2338 ad
360 2301 504 2340 Tuscos
526 2303 643 2343 veluti
667 2305 790 2345 socios
824 2306 1069 2357 susceperunt
1083 2314 1103 2356 ;‘
1124 2320 1288 2358 quorum
1315 2315 1462 2346 mutata
1487 2307 1561 2346 effe

287 2362 462 2412 confina,
476 2366 558 2415 post
581 2376 732 2418 tempus
756 2370 853 2408 adeo
873 2369 1057 2421 longum,
1078 2370 1220 2408 nescire
1245 2383 1324 2409 non
1340 2368 1558 2421 potuissent.

335 2486 360 2532 §
384 2488 508 2522 xvm.
531 2489 608 2525 Liv.
634 2493 727 2536 Epit.
746 2493 848 2527 Oros.
876 2478 916 2537 ς’,
936 2495 990 2530 28.
1013 2495 1035 2540 §
1058 2495 1134 2530 XX.
1154 2495 1301 2540 Appian-
