1638 2937
231 161 922 212 iNLoc‚L1ss.Xciv
970 165 1117 214 mv
1234 163 1330 229 367

40 280 154 325 arque
169 273 328 312 insulam
344 303 357 319 ,
379 272 614 312 vitabundus
634 270 800 310 hostium
825 271 976 311 claffem
990 303 1001 321 ,
1018 274 1066 311 ad
1091 273 1224 314 urbem
1242 287 1327 323 pero

39 337 146 374 venit
172 350 182 376 ;
211 350 298 375 nam
333 335 469 385 procul
495 333 701 373 visentibus
727 347 804 372 non
832 333 976 379 homo,
1006 333 1071 373 sed
1096 336 1243 374 marina
1267 335 1333 386 pi,

44 397 132 437 strix
156 397 230 436 effe
256 398 447 442 creditus,
473 395 628 434 nemine
659 403 816 432 curante
840 394 1018 433 evaserat.

94 460 237 499 XVIIL
283 459 456 499 Tandem
484 459 518 497 &
545 457 706 507 praesidii
729 456 965 495 immittendi
992 455 1155 495 Lucullo
1182 465 1330 507 reperta

40 521 93 560 est
118 522 225 560 ratio.
258 522 298 561 ln
318 519 508 571 Dascylite
535 519 619 558 lacu
645 523 766 559 acatia
787 520 871 559 satis
892 532 1029 570 magna
1048 520 1328 560 commeabant,

39 595 172 621 eorum
191 584 294 632 quod
321 590 400 620 erat
421 579 706 631 capaciffimum
732 580 903 631 plaustris
917 612 928 627 ,
949 581 1107 620 deduxit
1129 581 1177 619 ad
1201 594 1300 619 mare
1315 611 1328 629 ‚

39 643 299 693 militibusque
321 642 492 692 replevit.
516 642 580 691 hi,
604 645 721 682 notui
739 641 946 681 transmilso
967 643 1088 690 freto,
1108 642 1335 694 incolumes*

40 714 299 755 pervenerunt
320 706 359 743 in
376 705 529 744 urbem:
554 717 717 754 quorum
739 704 882 744 auxilio
901 705 1114 744 confirmati
1131 705 1325 755 Cyziceni,

39 767 178 806 crebris
209 767 476 817 eruptionibus
508 767 716 819 fatigarunt
747 767 916 814 hostem,
943 767 1213 817 machinasque
1243 769 1329 814 ejus

41 829 307 868 incenderunt.
347 829 554 870 Tolerabat
589 839 720 869 tamen
754 829 978 869 ob'rirmatus
1011 830 1139 868 animo
1174 828 1329 868 Mithri.

42 892 175 940 dates,
205 893 414 942 quamdiu,
453 893 668 932 celantibus
697 905 778 931 rem
815 893 1004 939 ducibus,
1041 891 1183 930 famem
1213 904 1329 930 exer-2

40 953 138 991 citus
166 954 375 1003 ignorabat.
425 954 621 1004 Postquam
650 953 916 1004 superveniens
954 953 1076 991 hiems
1112 953 1325 992 maritimos

42 1023 280 1053 commeatus
309 1014 515 1064 praeclusit,
543 1018 578 1054 ἃ
608 1015 774 1054 confecti
816 1016 944 1054 inedia
976 1015 1115 1054 milites
1141 1028 1188 1053 ne
1219 1014 1331 1054 cada-

43 1075 194 1115 veribus
226 1075 381 1125 quidem
415 1075 593 1114 humanis
623 1075 883 1125 abstinebant,
906 1078 942 1116 ἃ
971 1089 991 1114 e
1019 1076 1112 1114 cibis
1138 1075 1333 1114 insalubri-
1366 1105 1368 1109 y

45 1138 115 1177 bus
140 1138 295 1176 morbos
321 1137 537 1188 mortesque
567 1137 747 1188 contagio
773 1137 979 1187 vulgabat3
1009 1146 1050 1175 ut
1072 1136 1108 1174 se
1135 1148 1242 1186 parte
1266 1147 1333 1175 co-

41 1197 191 1247 piarum
216 1208 459 1247 exoneraret,
484 1199 681 1238 observato
718 1210 916 1246 tempore,
946 1209 1021 1247 quo
1056 1199 1250 1245 profe-fine
1279 1198 1329 1231 ad

41 1258 136 1296 arcis
159 1255 357 1305 cujusdam
384 1259 718 1310 oppugnationem
744 1254 926 1296 Lucullus
942 1286 953 1301 ,
979 1257 1108 1293 aberat
1133 1267 1153 1292 e
1178 1253 1330 1302 castris,

41 1320 234 1371 peditatus
266 1317 442 1357 inntilem
474 1319 721 1363 turbam‚,&
748 1329 904 1362 omnem
938 1317 1058 1361 ferme
1084 1317 1324 1366 equitatum,

43 1394 132 1419 curn
159 1393 270 1430 grege
294 1383 584 1429 jumentorum,
604 1379 737 1427 inopia
763 1378 893 1428 pabuli
918 1377 1126 1428 languido,
1153 1379 1188 1417 ἃ
1218 1378 1333 1416 detri-

43 1445 91 1483 tis
127 1444 277 1494 ungulis
311 1442 575 1490 claudicante,
603 1440 736 1479 aversis
769 1441 817 1480 ab
845 1440 951 1479 hoste
979 1439 1179 1479 itineribus
1203 1439 1243 1478 in
1270 1439 1333 1479 Bi-

50 1506 227 1557 thyniam
253 1504 362 1544 misit.

116 1569 229 1609 XIX.
262 1568 314 1608 Ea
340 1580 396 1606 res
427 1578 515 1604 cum
542 1578 703 1616 propere
725 1566 900 1604 nuntiata
928 1563 1090 1606 Lucullo
1115 1564 1230 1613 effer,
1262 1577 1337 1603 no.

46 1634 109 1672 c‘tu
136 1630 249 1669 rediit
274 1630 322 1668 ad
355 1629 507 1676 stativa3
542 1629 578 1666 ἃ
610 1627 787 1677 postridie
812 1639 884 1665 nec
915 1626 1032 1665 dubia
1069 1625 1219 1671 adhue,
1254 1637 1330 1664 nec:

44 1692 205 1731 hiberna
226 1690 450 1740 tempestate
479 1689 710 1735 deterritus,
733 1700 822 1726 cum
856 1688 990 1726 decem
1016 1684 1238 1725 cohortibus
1266 1687 1333 1724 de.

45 1755 152 1794 lectis
173 1756 208 1793 ἅ
232 1752 402 1802 equitatu
421 1750 613 1790 insecutus
639 1749 700 1788 est.
730 1749 871 1789 Nivosa
898 1750 978 1788 dies
999 1759 1103 1796 erat,
1128 1750 1162 1787 ἃ
1183 1748 1332 1797 incmm

45 1816 164 1856 moda
187 1813 307 1853 multa
336 1811 630 1864 properantibus
654 1811 946 1859 objiciebantur.
975 1810 1107 1860 Itaque
1133 1820 1240 1859 parte
1262 1810 1333 1848 mi·

45 1877 159 1917 litum
185 1876 234 1917 ob
262 1876 413 1926 frigoris
447 1873 688 1925 asperitatem
724 1872 955 1920 deficiente,
979 1884 1067 1910 cum
1097 1869 1249 1921 reliquis
1281 1872 1330 1911 adl

46 1940 305 1991 Rhyndacum
332 1937 493 1986 adeptus
516 1936 567 1974 est
581 1934 784 1982 barbaros,
807 1935 899 1973 dum
922 1936 961 1972 in
985 1934 1139 1972 transitu
1160 1932 1332 1977 fluminis

0 2037 1 2040 ,
45 2000 296 2043 necessariam,
328 2011 475 2037 moram
509 1997 678 2036 trahunt.
729 1996 856 2036 Multa
890 1996 944 2034 ibi
983 1996 1171 2046 regiorum
1210 1994 1333 2032 caedes

0 2077 1 2095 ἢ
46 2063 170 2107 faeta,
188 2061 262 2100 vivi
287 2059 510 2110 quindecim
536 2057 658 2097 millia
684 2057 784 2107 capti
801 2088 811 2104 ,
838 2069 925 2095 cum
950 2056 1013 2094 sex
1038 2067 1221 2106 equorum
1250 2053 1332 2092 mil-

47 2123 170 2170 libus,
202 2124 237 2162 δι
263 2123 526 2170 jumentorum
553 2118 836 2169 propemodum
865 2116 1085 2157 incredibili
1112 2114 1329 2158 inultitudia,

49 2199 121 2226 ne:
150 2185 264 2224 tantis
290 2184 412 2233 copiis
439 2183 491 2221 ita
514 2181 671 2230 deletis,
703 2189 746 2219 ut
770 2181 883 2219 etiam
911 2192 956 2218 ex
987 2177 1188 2228 Apollonia
1220 2177 1328 2215 femi-

47 2261 107 2288 nae
135 2254 398 2298 procurrerent
420 2246 459 2283 in
486 2256 666 2294 campos,
689 2242 973 2295 diriperentque
999 2241 1185 2288 sarcinas,
1214 2241 1248 2279 δε
1273 2239 1330 2277 in-

48 2310 299 2350 terfectorum
328 2308 512 2346 cadavera
542 2305 760 2356 spoliarent.

117 2371 213 2412 XX.
242 2368 406 2410 Adversa
440 2367 680 2418 Propontidis
708 2368 742 2405 Sc
778 2364 966 2417 Bithynia:
1000 2364 1068 2405 sub
1098 2364 1202 2404 idem
1231 2370 1328 2403 tem

94 2489 117 2535 S
138 2487 261 2523 xvul.
288 2487 433 2532 Appian.
459 2485 548 2522 Plut.
572 2486 682 2520 strab.
705 2482 835 2519 Sallust.
852 2482 956 2519 Oros.
