1638 2937
280 162 377 216 ‘300
416 151 508 199 JO.
541 147 1081 200 FRE'INSHEMII
1116 154 1498 203 SUPPLEMs

279 259 398 298 tituri.
438 261 539 300 Nam
570 259 776 300 Alexandri
808 259 908 300 filius
939 274 987 300 ex
1024 261 1096 301 alia
1131 275 1279 310 uxore,
1318 264 1564 313 cognominis

277 321 400 370 patri,
425 334 514 361 cum
536 336 558 361 a
582 324 674 362 Cois
693 354 703 370 ‚
728 326 828 373 apud
854 336 949 373 quos
975 324 1234 373 educabatur,
1259 324 1476 364 Mithridati
1497 326 1567 364 de-

278 381 401 431 ditus,
421 383 469 422 ab
499 383 575 423 hoc
605 385 654 424 ad
679 385 824 425 Sullam
852 386 1100 437 profugiffet,
1129 387 1227 426 inter
1250 386 1455 426 familiares
1477 388 1566 436 ejus.

276 440 411 483 Romae
435 445 583 495 agebat.

331 507 481 548 XXIV.
510 509 663 548 Idcirco
687 508 816 557 Sulla„
841 517 924 548 tum
952 510 1045 549 alias
1075 508 1276 549 honestum
1303 509 1371 549 fibi
1394 510 1476 549 fore
1504 522 1566 548 ra-

273 574 359 616 ωε,
386 569 553 621 AEgypto
576 583 704 621 regem
730 570 971 621 imposuisse,
1005 579 1090 610 tum
1117 584 1165 611 ex
1190 572 1475 622 opulentiffimo
1505 584 1563 609 re-

273 641 350 678 gno
385 630 554 679 praedam
591 630 690 668 forte
727 630 905 680 sperans,
942 631 1203 672 Alexandrum
1236 634 1284 672 ad
1315 632 1561 681 Cleopatram

273 690 402 729 mittit.
431 691 505 730 Sed
533 690 589 728 illi
617 691 761 740 nuptiis
781 704 953 732 novercae
978 693 1102 744 potito
1126 693 1231 732 haud
1257 694 1344 732 satis
1368 694 1441 732 fuit
1466 705 1563 731 con-

271 750 414 790 sortem
449 753 555 802 regni
588 752 735 792 fadum
766 753 862 801 esse,
895 755 985 804 quin
1012 755 1123 795 Sullae
1161 756 1330 803 fiducia,
1369 753 1562 805 quidlibet:

273 827 346 865 pro
374 815 438 853 sua
460 816 572 854 unius
594 816 757 855 libidine
780 816 950 865 faceret3
984 831 1030 857 eo
1065 818 1279 868 progressus
1308 818 1490 864 vesanfae,
1515 823 1566 855 ut.

272 877 557 917 undevicesimo
580 878 730 928 imperii
761 879 846 927 die,
877 878 1144 929 Cleopatram,
1175 881 1342 920 audaciae
1370 880 1442 919 suae
1474 879 1560 918 suc-

272 940 511 988 censentem,
526 942 574 980 de
592 942 724 981 medio
744 942 903 982 tolleret.
926 943 1001 982 Sed
1014 956 1117 982 mors
1134 943 1314 992 mulieris,
1334 944 1446 995 ipsius
1463 957 1561 993 quo-

271 1017 346 1054 que
367 1004 454 1044 vitae
474 1018 681 1056 properum
701 1005 830 1044 attulit
851 1006 993 1045 finem:
1024 1006 1349 1056 Alexandrinique
1375 1006 1561 1056 correptis

270 1065 384 1104 armis
410 1079 431 1105 e
452 1067 554 1116 regia
584 1070 817 1118 protractum
833 1098 844 1116 ,
876 1069 918 1106 in
940 1068 1142 1118 Gymnalio
1162 1068 1450 1107 interemerunt.
1485 1067 1559 1106 Re-

272 1141 392 1178 gnum
426 1130 476 1168 ad
499 1129 749 1170 Ptolemaeum
778 1138 1038 1181 cognomento
1061 1131 1227 1184 juvenem
1255 1131 1454 1177 Bacchum,
1491 1130 1559 1179 qui

271 1189 479 1230 Ptolemaeo
509 1192 658 1241 editus,
691 1206 782 1232 mox
803 1205 1022 1243 cognomen
1046 1193 1184 1232 Aulerae
1206 1205 1254 1232 ex
1281 1191 1459 1230 tibiarum
1482 1191 1560 1230 stu-

271 1252 336 1291 dio
365 1255 497 1292 nactus
522 1254 601 1303 est,
627 1262 813 1306 tanquam
839 1254 1060 1304 proximum
1089 1253 1303 1303 Cleopatrae
1327 1252 1462 1292 sororis
1490 1252 1562 1291 he-

269 1314 429 1362 redem,
458 1316 649 1365 pervenit.
691 1318 803 1356 Anno
837 1315 1041 1366 sequente,
1076 1315 1116 1355 L.
1155 1315 1286 1361 Sulla,
1324 1327 1557 1364 quamquam

269 1376 500 1415 dictaturam
528 1384 696 1427 gereret,
738 1379 878 1417 iterum
902 1379 1021 1416 creari
1051 1376 1185 1416 consul
1213 1376 1362 1424 voluit,
1395 1375 1560 1417 affumtov

269 1437 312 1477 in
339 1437 738 1479 societatemzhunoris
765 1441 814 1490 Q.
830 1440 984 1480 Caecilio
1005 1441 1052 1489 Q
1072 1440 1113 1479 Fr
1135 1440 1176 1479 L.
1199 1440 1247 1479 N.
1270 1437 1432 1478 Metello
1449 1437 1525 1476 Pio.

324 1500 454 1540 XXV.
484 1501 603 1551 Quod
633 1502 778 1540 deinde
799 1502 1017 1542 Caesaribus
1044 1500 1267 1551 exemplum
1307 1499 1474 1551 placuit,
1512 1504 1560 1538 ut:

269 1574 360 1601 cum
392 1562 609 1604 summa&
636 1563 739 1615 regia
773 1566 986 1615 potestate,
1019 1563 1238 1604 consulat-us
1271 1561 1428 1601 titulum
1460 1573 1558 1599 con-

267 1626 452 1676 jungere,
479 1626 688 1677 pulchrum
717 1630 752 1667 &
777 1627 891 1666 civile
922 1627 1206 1666 arbitrarentur.
1247 1626 1322 1666 Hic
1353 1637 1472 1663 annus
1494 1626 1556 1672 ju..

270 1689 468 1737 cundum,
505 1703 578 1728 nec
605 1697 694 1729 ante
729 1690 854 1730 visum
888 1689 972 1728 urbi
998 1687 1258 1738 speetaculum
1286 1686 1435 1734 attulit,
1464 1699 1559 1727 cum

269 1763 385 1800 eques
412 1752 637 1800 Romanus,
666 1752 781 1802 idque
808 1752 984 1791 nondum
1013 1750 1169 1801 expleto
1197 1751 1333 1799 quinto
1367 1751 1402 1789 &
1425 1748 1557 1787 vicesi-

271 1826 336 1852 mo
365 1814 484 1852 aetatis
513 1827 641 1861 anno,
671 1813 936 1863 triumpharet.
972 1813 1176 1862 pompejus
1198 1813 1230 1850 is
1256 1811 1352 1858 fuit,
1381 1823 1458 1849 non
1482 1809 1552 1847 mi-

270 1875 376 1912 noris
399 1874 514 1925 paulo
550 1884 638 1915 ante
663 1869 1060 1914 terroris'hominibus
1077 1904 1088 1921 ,
1112 1885 1227 1923 quam
1254 1884 1358 1912 nunc
1391 1871 1552 1918 laetitiae‚

266 1934 399 1984 causa,
425 1937 514 1986 quia
533 1939 773 1991 dedignantem
788 1936 885 1989 jaff&
906 1936 1036 1984 Sullae,
1059 1950 1134 1974 cum
1155 1935 1273 1987 infesto
1294 1934 1445 1975 exercitu
1467 1947 1555 1969 ven-

269 2009 383 2035 turum
406 1998 444 2035 in
470 1998 614 2036 Italiam
639 2005 875 2047 putaverant.
907 1996 1022 2036 Unde
1056 1994 1201 2036 Sullam
1236 2006 1390 2043 quoque
1419 1992 1553 2033 dixisse

268 2069 400 2095 rumor
427 2065 529 2105 erat,
547 2058 667 2110 fhtale
681 2058 750 2109 fibi
773 2057 835 2109 effi
864 2070 938 2095 cum
958 2055 1078 2109 pueris
1100 2056 1138 2092 in
1151 2056 1323 2107 senec‘Zute
1348 2053 1553 2101 colluHari,

267 2120 373 2169 quod
410 2122 445 2159 δε
486 2120 528 2159 C.
567 2120 711 2160 Marius
747 2119 967 2160 adolescens
1005 2119 1203 2168 negotium
1247 2117 1282 2159 ei
1309 2115 1549 2158 exhibuerat.

267 2181 388 2231 Igitur
399 2212 412 2228 ,
428 2183 761 2231 quemadmodum
775 2181 1022 2232 praesentibus
1035 2186 1218 2226 uteretur,
1241 2179 1406 2217 incertus
1419 2207 1428 2223 ,
1445 2176 1551 2219 &fe--⁴

268 2243 377 2281 rebat
404 2243 452 2282 de
485 2244 608 2282 redjtu
639 2245 721 2292 ejus
749 2242 901 2293 legem,
929 2244 965 2281 &
989 2254 1037 2280 ex
1061 2240 1272 2290 composito
1301 2242 1368 2289 p'er
1393 2238 1434 2281 C.
1457 2238 1550 2283 He·-

269 2304 678 2347 renniumtribunum
711 2302 835 2354 plebis
860 2302 907 2346 se,
925 2301 1071 2345 sinebat
1100 2300 1308 2352 prohibe-ri.

315 2418 338 2463 §
362 2418 683 2463 XX111.Porp.hyr
710 2431 751 2462 ap
755 2419 909 2452 .E1.1seb
938 2419 990 2462 Ap
994 2418 1085 2461 pian.
1109 2418 1201 2450 civil.
1226 2420 1249 2450 1-.
1276 2429 1306 2451 1.
1321 2417 1434 2461 Treg.
1444 2415 1549 2448 Ptol.

270 2472 323 2510 39.
349 2463 371 2507 ς
390 2463 498 2499 XXV
515 2431 1400 2510 11211p2-s‚26.1.·1v.Epieplut.sallustAEiodomp
1416 2458 1529 2497 vales.
