1638 2937
278 145 376 194 5‘06
443 143 542 192 JO.
584 144 1094 192 FREINSHEMII
1139 145 1500 195 SUPPLEM'.

278 251 425 303 proditi
452 251 533 291 heri
560 252 608 291 de
630 253 717 291 saxo
747 252 1005 302 praecipitatus
1037 252 1100 290 est.
1132 251 1175 291 In
1203 251 1297 291 alios
1322 265 1475 303 quoque
1503 252 1568 293 vi,

278 327 340 352 ros
369 313 516 364 claros,
543 316 606 364 qui
632 315 785 365 reperiri
808 322 1037 365 potuerunt,
1065 314 1170 353 velut
1193 316 1278 364 jure
1304 315 1484 356 saevitum.
1514 317 1569 355 ΑΒ

276 375 426 415 Marius
451 377 533 426 post
556 376 688 427 fugam
714 389 761 415 ex
787 377 881 417 urbe
906 376 1073 416 desertus
1097 390 1117 415 a
1135 376 1269 425 turba,
1293 389 1360 427 per
1385 377 1570 416 tenebras

275 438 319 476 in
338 440 522 488 praedium
548 439 768 489 quoddam,
793 440 897 489 quod
916 439 1084 479 habebat
1106 439 1146 478 in
1168 439 1350 488 Solonio,
1372 439 1436 490 qui
1459 451 1565 482 cam÷

272 512 347 551 pus
371 500 423 539 est
446 502 525 551 agri
556 501 768 549 Lanuvini,
797 501 835 539 se
866 503 1043 551 conjecit.

331 563 484 604 XXIX.
506 564 639 612 Unde,
667 577 756 603 cum
782 564 902 604 filiurn
926 579 974 605 ex
1001 565 1135 605 vicinis
1157 566 1256 615 agris
1279 567 1330 616 Q.
1349 565 1472 606 Mucii
1497 578 1565 604 au-

272 624 400 673 guris,
427 627 534 673 cujus
560 624 626 664 ille
648 624 768 664 filiam
794 626 976 675 duxerat,
998 626 1202 666 necessaria
1230 636 1363 676 petere
1383 626 1561 676 juffiffet,

273 685 420 725 Ostiam
446 686 664 733 descendit,
692 698 920 739 repertoque
956 689 1133 739 navigio,
1168 690 1273 739 quod
1298 702 1395 729 unus
1417 690 1563 729 amico..

272 757 362 784 rum
390 747 595 786 Numerius
620 756 841 797 paraverat,
876 761 964 788 eum
996 750 1172 800 privigno
1211 750 1378 798 Granio,
1411 750 1479 790 filii
1507 763 1564 790 re-

274 803 401 843 ditum
423 818 502 845 non
523 805 763 856 exspectans,
787 806 1048 860 abnavigavit.
1066 808 1226 848 Interim
1246 808 1466 848 adolescens
1489 810 1561 849 im-

272 866 424 905 minens
442 867 602 906 exitium
626 868 702 907 fide
721 870 757 908 δε
784 869 861 907 astu
879 869 997 909 villici
1014 870 1139 908 evasit.
1168 867 1265 909 Cum
1280 870 1383 909 enim
1406 884 1494 910 eum
1518 871 1560 910 in

274 930 421 980 praedio
438 931 622 970 Muciano
638 931 946 982 deprehendisset
959 932 1040 972 dies
1052 963 1063 980 ‚
1080 932 1129 971 ad
1147 933 1563 983 comprehendendum

270 1003 362 1029 eum
388 990 598 1042 suspicione
623 993 726 1033 ducti
749 996 897 1045 equites
923 995 1188 1045 properabant.
1227 995 1285 1035 Ibi
1310 997 1413 1035 enim
1441 995 1560 1035 latere

269 1049 418 1091 Marios
457 1053 561 1103 posse
592 1062 748 1105 propter
780 1055 1004 1094 affinitatem
1036 1055 1240 1104 rebantur,
1280 1058 1315 1097 ὃς
1347 1058 1435 1107 quia
1468 1057 1559 1097 Mu-

271 1115 353 1153 cius
380 1114 527 1155 hostem
558 1116 727 1157 Marium
757 1118 930 1166 judicare
963 1118 1151 1159 noluerat.
1183 1121 1288 1169 quod
1318 1122 1399 1169 ejus
1428 1120 1559 1159 nobile

267 1176 416 1216 faetum
444 1191 522 1216 non
558 1178 609 1217 est
637 1178 786 1219 filentio
813 1182 1132 1231 praetereundum.
1173 1182 1272 1222 Cum
1300 1182 1342 1223 L.
1370 1181 1476 1222 Sulla
1506 1183 1561 1221 vi-

268 1241 353 1278 <fior
375 1240 528 1278 armatis
552 1240 860 1280 circumdedisset
883 1241 1026 1280 curiam
1041 1272 1053 1290 ,
1074 1255 1198 1292 eoque
1227 1242 1270 1281 C.
1296 1242 1467 1282 Marium
1487 1241 1561 1281 ho-

267 1299 363 1338 stem
387 1300 540 1340 decerni
569 1303 738 1351 cupienti
766 1315 881 1341 nemo
906 1304 1065 1342 auderet
1086 1316 1246 1355 negare:
1276 1302 1378 1343 solus
1403 1304 1452 1354 Q.
1469 1303 1556 1344 Mu<-

269 1362 351 1399 cius
381 1361 605 1401 sententiam
633 1364 764 1402 dicere
793 1363 929 1403 noluit.

321 1423 460 1464 XXX.
501 1426 627 1475 Atque
661 1426 792 1465 mitius
819 1426 981 1466 instante
1013 1425 1146 1476 Sulla,
1182 1442 1253 1466 non
1291 1427 1370 1475 ita,
1403 1425 1555 1476 inquit,

263 1485 408 1538 gladios
428 1498 509 1525 tuos
535 1488 741 1540 extimesco,
768 1501 807 1527 ut
833 1502 976 1542 propter
997 1490 1063 1527 has
1075 1489 1205 1542 senilis
1216 1489 1408 1541 fimguim‘s
1437 1500 1556 1527 tenues

264 1546 467 1599 reliquias,
494 1549 616 1602 hostem
632 1549 797 1602 judicare
836 1552 875 1589 C.
903 1550 1065 1589 Marium
1085 1550 1295 1603 fitstineam,
1329 1565 1353 1587 a
1380 1564 1445 1602 quo
1475 1550 1556 1587 lta-

266 1609 352 1646 liam
378 1611 412 1649 δ’
426 1611 514 1650 hanc
536 1613 648 1650 urbem
668 1614 894 1665 conservatas
915 1612 1064 1652 memini.
1093 1613 1220 1661 Hujus
1243 1613 1360 1663 i'gitur
1377 1611 1525 1651 villicus
1540 1641 1555 1661 ‚

265 1669 362 1709 nihil
377 1684 396 1710 a
414 1672 490 1711 fide
502 1672 582 1712 heri
601 1674 806 1724 animoque
823 1673 1041 1713 dissentiens
1054 1705 1065 1723 ,
1079 1674 1250 1714 Marium
1266 1673 1553 1713 adolescentem

263 1730 364 1770 inter
386 1733 492 1772 fabas
514 1734 686 1774 abditum
714 1734 899 1786 imposuit
933 1735 1125 1786 plaustro,
1159 1735 1360 1785 bubusque
1381 1735 1522 1785 junctis
1537 1764 1552 1783 ,

261 1807 333 1844 per
361 1797 508 1836 medios
532 1797 709 1836 inimicos
736 1798 953 1848 deportavit
983 1798 1023 1836 in
1049 1797 1196 1837 urbem.
1232 1797 1284 1837 fiC
1308 1799 1475 1847 acceptis
1501 1797 1551 1837 ab

267 1868 409 1906 uxore,
444 1871 607 1908 quorum
639 1860 855 1910 praecipuus
878 1867 961 1898 tum
989 1858 1076 1898 usus
1109 1867 1210 1904 erat,
1239 1866 1327 1898 ante
1346 1857 1475 1897 lucem
1502 1858 1552 1897 ad

263 1931 369 1958 mare
390 1921 537 1971 pergit3
567 1923 603 1961 δι
622 1928 711 1960 'cum
734 1922 834 1961 forte
857 1921 1046 1961 solventes
1073 1921 1113 1960 in
1137 1922 1308 1961 Africam
1332 1931 1466 1960 nautas
1490 1922 1551 1959 in·

263 1981 422 2020 venisset
440 2013 451 2031 ‚
476 1996 613 2023 navem
640 1984 876 2024 conscendit.
911 1984 1041 2034 Major
1062 1985 1161 2034 patri
1189 1984 1316 2024 Mario
1344 1995 1433 2022 cum
1458 1996 1550 2022 ven-

264 2042 314 2080 tis
341 2045 376 2082 ἃ
403 2045 689 2095 tempestatibus
713 2045 816 2086 lucta
844 2047 943 2096 fuit,
969 2045 1233 2097 ingruentibus
1259 2046 1301 2085 in
1326 2058 1414 2084 eum
1441 2044 1549 2084 velut.

262 2116 381 2143 manu
406 2106 504 2147 facta
528 2107 648 2148 malis.

319 2167 473 2208 XXXI.
503 2168 663 2209 Ferente
697 2177 812 2209 vento
839 2167 930 2209 litus
958 2169 1075 2210 Italiae
1108 2169 1266 2220 legens,
1298 2167 1547 2209 Terracinam

267 2227 408 2268 evitare
441 2238 573 2272 nautas
605 2231 734 2281 juffit,
761 2231 1010 2279 Geminium,
1039 2231 1148 2280 cujus
1179 2230 1236 2270 ibi
1269 2242 1415 2281 magnae
1448 2241 1544 2280 opes

314 2355 335 2397 5
359 2355 517 2389 XXVIII.
548 2358 598 2390 Jo.
621 2360 828 2393 Antiochen.
856 2360 982 2404 VeIlej.
1006 2360 1083 2393 Liv.
1113 2359 1205 2404 Epit.
1226 2359 1303 2391 Val.
1329 2358 1422 2392 Max.
1441 2358 1480 2398 8,
1513 2369 1543 2395 ς,

271 2397 374 2431 Oros.
408 2411 445 2441 5,
481 2413 531 2443 19.
552 2403 641 2434 FIor.
666 2403 753 2436 Plut.
785 2406 817 2436 in
848 2404 935 2437 Mar.
965 2417 993 2436 c.
1021 2404 1071 2441 58.
1101 2405 1175 2436 Cic.
1198 2404 1236 2436 de
1267 2403 1411 2436 divinat.
1436 2415 1472 2444 ι,
1490 2404 1545 2446 36.

266 2443 290 2487 5
325 2443 448 2479 XXIX.
475 2446 552 2482 Val.
573 2447 668 2480 Max.
688 2458 728 2492 3,
751 2448 799 2485 8.‚
815 2449 837 2493 5
865 2449 972 2483 XXX.
994 2449 1072 2483 Liv.
1096 2450 1186 2492 Eptt.
1218 2448 1309 2483 Plut-

1186 2540 1190 2557 I
