<?xml version="1.0" encoding="UTF-8"?>
<!DOCTYPE html PUBLIC "-//W3C//DTD XHTML 1.0 Transitional//EN"
    "http://www.w3.org/TR/xhtml1/DTD/xhtml1-transitional.dtd">
<html xmlns="http://www.w3.org/1999/xhtml" xml:lang="en" lang="en">
 <head>
  <title>
</title>
<meta http-equiv="Content-Type" content="text/html;charset=utf-8" />
  <meta name='ocr-system' content='tesseract 3.04.00' />
  <meta name='ocr-capabilities' content='ocr_page ocr_carea ocr_par ocr_line ocrx_word'/>
</head>
<body>
  <div class='ocr_page' id='page_1' title='image "./historiarumlibri09livyuoft_0291.png"; bbox 0 0 1638 2937; ppageno 0'>
   <div class='ocr_carea' id='block_1_1' title="bbox 632 4 643 22">
    <p class='ocr_par' dir='ltr' id='par_1_1' title="bbox 632 4 643 22">
     <span class='ocr_line' id='line_1_1' title="bbox 632 4 643 22; baseline 0 0"><span class='ocrx_word' id='word_1_1' title='bbox 632 4 643 22; x_wconf 74' lang='grc' dir='ltr'><em>Ι</em></span> 
     </span>
    </p>
   </div>
   <div class='ocr_carea' id='block_1_2' title="bbox 167 151 1320 216">
    <p class='ocr_par' dir='ltr' id='par_1_2' title="bbox 167 151 1320 216">
     <span class='ocr_line' id='line_1_2' title="bbox 167 151 1320 216; baseline 0.003 -16"><span class='ocrx_word' id='word_1_2' title='bbox 167 154 246 200; x_wconf 80' lang='lat' dir='ltr'><strong>IN</strong></span> <span class='ocrx_word' id='word_1_3' title='bbox 294 151 460 215; x_wconf 76' lang='lat' dir='ltr'><strong>LOC.</strong></span> <span class='ocrx_word' id='word_1_4' title='bbox 504 153 638 198; x_wconf 88' lang='lat' dir='ltr'>LIB.</span> <span class='ocrx_word' id='word_1_5' title='bbox 686 152 972 199; x_wconf 75' lang='lat' dir='ltr'>LXXXVIII</span> <span class='ocrx_word' id='word_1_6' title='bbox 1006 156 1138 202; x_wconf 86' lang='lat' dir='ltr'><strong>LIV.</strong></span> <span class='ocrx_word' id='word_1_7' title='bbox 1232 155 1320 216; x_wconf 75' lang='lat'><strong>283</strong></span> 
     </span>
    </p>
   </div>
   <div class='ocr_carea' id='block_1_3' title="bbox 30 257 1364 1048">
    <p class='ocr_par' dir='ltr' id='par_1_3' title="bbox 41 257 1326 359">
     <span class='ocr_line' id='line_1_3' title="bbox 41 257 1326 309; baseline 0.003 -13"><span class='ocrx_word' id='word_1_8' title='bbox 41 258 86 297; x_wconf 78' lang='lat' dir='ltr'><strong>In</strong></span> <span class='ocrx_word' id='word_1_9' title='bbox 109 258 168 297; x_wconf 85' lang='lat' dir='ltr'><strong>his</strong></span> <span class='ocrx_word' id='word_1_10' title='bbox 191 259 406 298; x_wconf 80' lang='lat' dir='ltr'><strong>senatorum</strong></span> <span class='ocrx_word' id='word_1_11' title='bbox 425 258 673 309; x_wconf 81' lang='lat' dir='ltr'>equitumque</span> <span class='ocrx_word' id='word_1_12' title='bbox 699 257 960 304; x_wconf 83' lang='lat' dir='ltr'><strong>Romanorum</strong></span> <span class='ocrx_word' id='word_1_13' title='bbox 988 260 1065 298; x_wconf 83' lang='lat' dir='ltr'><strong>duo</strong></span> <span class='ocrx_word' id='word_1_14' title='bbox 1089 260 1212 300; x_wconf 78' lang='lat' dir='ltr'><strong>millia</strong></span> <span class='ocrx_word' id='word_1_15' title='bbox 1234 261 1326 300; x_wconf 85' lang='lat' dir='ltr'><strong>fuis-</strong></span> 
     </span>
     <span class='ocr_line' id='line_1_4' title="bbox 41 320 305 359; baseline 0 -1"><span class='ocrx_word' id='word_1_16' title='bbox 41 320 80 358; x_wconf 86' lang='lat' dir='ltr'><strong>se</strong></span> <span class='ocrx_word' id='word_1_17' title='bbox 107 321 305 359; x_wconf 80' lang='lat' dir='ltr'><strong>traditum.</strong></span> 
     </span>
    </p>

    <p class='ocr_par' dir='ltr' id='par_1_4' title="bbox 30 380 1364 1048">
     <span class='ocr_line' id='line_1_5' title="bbox 96 380 1326 433; baseline 0 -11"><span class='ocrx_word' id='word_1_18' title='bbox 96 382 250 422; x_wconf 82' lang='lat' dir='ltr'>XXIII.</span> <span class='ocrx_word' id='word_1_19' title='bbox 285 384 422 433; x_wconf 83' lang='lat' dir='ltr'><strong>Neque</strong></span> <span class='ocrx_word' id='word_1_20' title='bbox 451 382 589 422; x_wconf 82' lang='lat' dir='ltr'><strong>Romae</strong></span> <span class='ocrx_word' id='word_1_21' title='bbox 616 389 795 428; x_wconf 83' lang='lat' dir='ltr'><strong>tantum,</strong></span> <span class='ocrx_word' id='word_1_22' title='bbox 830 380 894 420; x_wconf 87' lang='lat' dir='ltr'><strong>sed</strong></span> <span class='ocrx_word' id='word_1_23' title='bbox 919 393 986 430; x_wconf 82' lang='lat' dir='ltr'><strong>per</strong></span> <span class='ocrx_word' id='word_1_24' title='bbox 1008 382 1222 421; x_wconf 76' lang='lat' dir='ltr'><strong>universam</strong></span> <span class='ocrx_word' id='word_1_25' title='bbox 1248 383 1326 422; x_wconf 72' lang='lat' dir='ltr'><strong>&#39;Ita-</strong></span> 
     </span>
     <span class='ocr_line' id='line_1_6' title="bbox 37 442 1329 492; baseline -0.001 -9"><span class='ocrx_word' id='word_1_26' title='bbox 37 442 162 491; x_wconf 76' lang='lat' dir='ltr'><strong>liam‚</strong></span> <span class='ocrx_word' id='word_1_27' title='bbox 189 444 334 484; x_wconf 79' lang='lat' dir='ltr'><strong>furialis</strong></span> <span class='ocrx_word' id='word_1_28' title='bbox 362 443 427 482; x_wconf 85' lang='lat' dir='ltr'><strong>illa</strong></span> <span class='ocrx_word' id='word_1_29' title='bbox 455 442 654 492; x_wconf 86' lang='lat' dir='ltr'><strong>tempestas</strong></span> <span class='ocrx_word' id='word_1_30' title='bbox 676 442 853 482; x_wconf 79' lang='lat' dir='ltr'><strong>desaeviit.</strong></span> <span class='ocrx_word' id='word_1_31' title='bbox 885 444 1029 482; x_wconf 81' lang='lat' dir='ltr'><strong>Severae</strong></span> <span class='ocrx_word' id='word_1_32' title='bbox 1057 442 1190 491; x_wconf 70' lang='lat' dir='ltr'><strong>pallim</strong></span> <span class='ocrx_word' id='word_1_33' title='bbox 1222 456 1329 492; x_wconf 54' lang='lat' dir='ltr'><strong>qute-</strong></span> 
     </span>
     <span class='ocr_line' id='line_1_7' title="bbox 41 503 1326 554; baseline 0 -11"><span class='ocrx_word' id='word_1_34' title='bbox 41 504 180 544; x_wconf 82' lang='lat' dir='ltr'><strong>stiones</strong></span> <span class='ocrx_word' id='word_1_35' title='bbox 205 505 469 554; x_wconf 77' lang='lat' dir='ltr'>habebantur,</span> <span class='ocrx_word' id='word_1_36' title='bbox 491 505 514 544; x_wconf 84' lang='lat' dir='ltr'>fi</span> <span class='ocrx_word' id='word_1_37' title='bbox 535 505 618 554; x_wconf 85' lang='lat' dir='ltr'><strong>quis</strong></span> <span class='ocrx_word' id='word_1_38' title='bbox 645 503 713 542; x_wconf 88' lang='lat' dir='ltr'><strong>sub</strong></span> <span class='ocrx_word' id='word_1_39' title='bbox 739 504 887 551; x_wconf 79' lang='lat' dir='ltr'><strong>Mario,</strong></span> <span class='ocrx_word' id='word_1_40' title='bbox 910 514 975 542; x_wconf 79' lang='lat' dir='ltr'><strong>aut</strong></span> <span class='ocrx_word' id='word_1_41' title='bbox 995 503 1194 550; x_wconf 73' lang='lat' dir='ltr'><strong>Carbone,</strong></span> <span class='ocrx_word' id='word_1_42' title='bbox 1219 504 1326 553; x_wconf 79' lang='lat' dir='ltr'><strong>lega·</strong></span> 
     </span>
     <span class='ocr_line' id='line_1_8' title="bbox 40 564 1326 616; baseline -0.002 -12"><span class='ocrx_word' id='word_1_43' title='bbox 40 566 133 605; x_wconf 81' lang='lat' dir='ltr'><strong>tisve</strong></span> <span class='ocrx_word' id='word_1_44' title='bbox 153 579 285 605; x_wconf 88' lang='lat' dir='ltr'><strong>eorum</strong></span> <span class='ocrx_word' id='word_1_45' title='bbox 306 567 489 616; x_wconf 84' lang='lat' dir='ltr'><strong>stipendia</strong></span> <span class='ocrx_word' id='word_1_46' title='bbox 516 565 617 605; x_wconf 90' lang='lat' dir='ltr'><strong>civili</strong></span> <span class='ocrx_word' id='word_1_47' title='bbox 649 565 751 605; x_wconf 89' lang='lat' dir='ltr'><strong>bello</strong></span> <span class='ocrx_word' id='word_1_48' title='bbox 773 564 985 605; x_wconf 75' lang='lat' dir='ltr'><strong>meruisset:</strong></span> <span class='ocrx_word' id='word_1_49' title='bbox 1022 564 1046 603; x_wconf 83' lang='lat' dir='ltr'><strong>fi</strong></span> <span class='ocrx_word' id='word_1_50' title='bbox 1075 573 1199 613; x_wconf 75' lang='lat' dir='ltr'><strong>partes</strong></span> <span class='ocrx_word' id='word_1_51' title='bbox 1228 578 1326 613; x_wconf 77' lang='lat' dir='ltr'><strong>ope,</strong></span> 
     </span>
     <span class='ocr_line' id='line_1_9' title="bbox 42 623 1328 681; baseline -0.002 -14"><span class='ocrx_word' id='word_1_52' title='bbox 42 629 200 668; x_wconf 77' lang='lat' dir='ltr'><strong>consilio</strong></span> <span class='ocrx_word' id='word_1_53' title='bbox 228 623 398 681; x_wconf 72' lang='lat' dir='ltr'><strong>juvisset:</strong></span> <span class='ocrx_word' id='word_1_54' title='bbox 428 629 451 667; x_wconf 88' lang='lat' dir='ltr'><strong>s1</strong></span> <span class='ocrx_word' id='word_1_55' title='bbox 476 629 640 668; x_wconf 88' lang='lat' dir='ltr'><strong>omnino</strong></span> <span class='ocrx_word' id='word_1_56' title='bbox 665 628 850 668; x_wconf 85' lang='lat' dir='ltr'><strong>studiosus</strong></span> <span class='ocrx_word' id='word_1_57' title='bbox 871 627 1022 666; x_wconf 84' lang='lat' dir='ltr'><strong>illarum</strong></span> <span class='ocrx_word' id='word_1_58' title='bbox 1046 626 1185 666; x_wconf 78' lang='lat' dir='ltr'><strong>fuiss&#39;et.</strong></span> <span class='ocrx_word' id='word_1_59' title='bbox 1230 626 1328 674; x_wconf 84' lang='lat' dir='ltr'><strong>Qui-</strong></span> 
     </span>
     <span class='ocr_line' id='line_1_10' title="bbox 43 689 1328 740; baseline 0 -12"><span class='ocrx_word' id='word_1_60' title='bbox 43 691 203 730; x_wconf 75' lang='lat' dir='ltr'><strong>busdam</strong></span> <span class='ocrx_word' id='word_1_61' title='bbox 231 693 347 730; x_wconf 77' lang='lat' dir='ltr'><strong>etiam</strong></span> <span class='ocrx_word' id='word_1_62' title='bbox 378 693 529 730; x_wconf 84' lang='lat' dir='ltr'><strong>crimini</strong></span> <span class='ocrx_word' id='word_1_63' title='bbox 557 693 688 730; x_wconf 79' lang='lat' dir='ltr'><strong>datum</strong></span> <span class='ocrx_word' id='word_1_64' title='bbox 715 691 909 739; x_wconf 83' lang='lat' dir='ltr'><strong>referunt,</strong></span> <span class='ocrx_word' id='word_1_65' title='bbox 947 691 1052 740; x_wconf 90' lang='lat' dir='ltr'><strong>quod</strong></span> <span class='ocrx_word' id='word_1_66' title='bbox 1086 701 1175 728; x_wconf 88' lang='lat' dir='ltr'><strong>cum</strong></span> <span class='ocrx_word' id='word_1_67' title='bbox 1203 689 1328 738; x_wconf 70' lang='lat' dir='ltr'><strong>aliquo</strong></span> 
     </span>
     <span class='ocr_line' id='line_1_11' title="bbox 45 749 1331 791; baseline -0.001 -1"><span class='ocrx_word' id='word_1_68' title='bbox 45 765 178 791; x_wconf 85' lang='lat' dir='ltr'><strong>eorum</strong></span> <span class='ocrx_word' id='word_1_69' title='bbox 212 765 421 791; x_wconf 88' lang='lat' dir='ltr'><strong>commune</strong></span> <span class='ocrx_word' id='word_1_70' title='bbox 456 753 526 791; x_wconf 85' lang='lat' dir='ltr'><strong>iter</strong></span> <span class='ocrx_word' id='word_1_71' title='bbox 553 752 758 791; x_wconf 80' lang='lat' dir='ltr'><strong>inivissent.</strong></span> <span class='ocrx_word' id='word_1_72' title='bbox 789 752 845 791; x_wconf 89' lang='lat' dir='ltr'><strong>Ibi</strong></span> <span class='ocrx_word' id='word_1_73' title='bbox 883 752 1011 790; x_wconf 83' lang='lat' dir='ltr'><strong>omnia</strong></span> <span class='ocrx_word' id='word_1_74' title='bbox 1038 751 1168 790; x_wconf 75' lang='lat' dir='ltr'><strong>divina</strong></span> <span class='ocrx_word' id='word_1_75' title='bbox 1196 749 1331 789; x_wconf 85' lang='lat' dir='ltr'><strong>huma-</strong></span> 
     </span>
     <span class='ocr_line' id='line_1_12' title="bbox 42 811 1329 863; baseline -0.002 -13"><span class='ocrx_word' id='word_1_76' title='bbox 42 825 170 863; x_wconf 80' lang='lat' dir='ltr'><strong>naque</strong></span> <span class='ocrx_word' id='word_1_77' title='bbox 196 812 335 851; x_wconf 86' lang='lat' dir='ltr'><strong>violata</strong></span> <span class='ocrx_word' id='word_1_78' title='bbox 360 817 395 852; x_wconf 68' lang='lat' dir='ltr'><strong>ot</strong></span> <span class='ocrx_word' id='word_1_79' title='bbox 425 812 573 862; x_wconf 82' lang='lat' dir='ltr'><strong>polluta</strong></span> <span class='ocrx_word' id='word_1_80' title='bbox 598 812 696 851; x_wconf 89' lang='lat' dir='ltr'><strong>sunt.</strong></span> <span class='ocrx_word' id='word_1_81' title='bbox 741 811 865 851; x_wconf 68' lang='lat' dir='ltr'><strong>marlti</strong></span> <span class='ocrx_word' id='word_1_82' title='bbox 892 813 930 849; x_wconf 87' lang='lat' dir='ltr'><strong>in</strong></span> <span class='ocrx_word' id='word_1_83' title='bbox 957 811 1112 861; x_wconf 80' lang='lat' dir='ltr'>gremiis</span> <span class='ocrx_word' id='word_1_84' title='bbox 1138 822 1300 848; x_wconf 75' lang='lat' dir='ltr'><strong>uxorum</strong></span> <span class='ocrx_word' id='word_1_85' title='bbox 1317 839 1329 857; x_wconf 79' lang='lat'>‚</span> 
     </span>
     <span class='ocr_line' id='line_1_13' title="bbox 30 870 1332 922; baseline -0.004 -10"><span class='ocrx_word' id='word_1_86' title='bbox 30 874 84 918; x_wconf 14' lang='lat' dir='ltr'><strong>Vin</strong></span> <span class='ocrx_word' id='word_1_87' title='bbox 113 876 194 912; x_wconf 79' lang='lat' dir='ltr'><strong>{inu</strong></span> <span class='ocrx_word' id='word_1_88' title='bbox 222 884 385 913; x_wconf 84' lang='lat' dir='ltr'><strong>matrum</strong></span> <span class='ocrx_word' id='word_1_89' title='bbox 415 873 524 912; x_wconf 83' lang='lat' dir='ltr'><strong>liberi</strong></span> <span class='ocrx_word' id='word_1_90' title='bbox 556 872 728 913; x_wconf 83' lang='lat' dir='ltr'><strong>confoffi.</strong></span> <span class='ocrx_word' id='word_1_91' title='bbox 776 872 878 911; x_wconf 82' lang='lat' dir='ltr'><strong>sacra</strong></span> <span class='ocrx_word' id='word_1_92' title='bbox 904 870 1131 922; x_wconf 81' lang='lat' dir='ltr'>hospitalia,</span> <span class='ocrx_word' id='word_1_93' title='bbox 1161 870 1332 909; x_wconf 81' lang='lat' dir='ltr'><strong>caerimo-</strong></span> 
     </span>
     <span class='ocr_line' id='line_1_14' title="bbox 43 928 1364 987; baseline -0.005 -11"><span class='ocrx_word' id='word_1_94' title='bbox 43 937 117 976; x_wconf 84' lang='lat' dir='ltr'><strong>niae</strong></span> <span class='ocrx_word' id='word_1_95' title='bbox 140 939 175 977; x_wconf 64' lang='grc' dir='ltr'>ἃ</span> <span class='ocrx_word' id='word_1_96' title='bbox 200 936 400 987; x_wconf 78' lang='lat' dir='ltr'><strong>religiones</strong></span> <span class='ocrx_word' id='word_1_97' title='bbox 429 936 599 975; x_wconf 81' lang='lat' dir='ltr'><strong>Deorum</strong></span> <span class='ocrx_word' id='word_1_98' title='bbox 615 967 626 983; x_wconf 82' lang='lat'>,</span> <span class='ocrx_word' id='word_1_99' title='bbox 652 935 808 986; x_wconf 75' lang='lat' dir='ltr'><strong>ipsaque</strong></span> <span class='ocrx_word' id='word_1_100' title='bbox 832 947 964 973; x_wconf 89' lang='lat' dir='ltr'><strong>eorum</strong></span> <span class='ocrx_word' id='word_1_101' title='bbox 995 932 1201 984; x_wconf 82' lang='lat' dir='ltr'><strong>penetralia</strong></span> <span class='ocrx_word' id='word_1_102' title='bbox 1218 962 1230 981; x_wconf 79' lang='lat'><strong>‚</strong></span> <span class='ocrx_word' id='word_1_103' title='bbox 1263 945 1332 971; x_wconf 82' lang='lat' dir='ltr'><strong>ne·</strong></span> <span class='ocrx_word' id='word_1_104' title='bbox 1362 928 1364 930; x_wconf 55' lang='grc'>’</span> 
     </span>
     <span class='ocr_line' id='line_1_15' title="bbox 43 994 1230 1048; baseline -0.005 -9"><span class='ocrx_word' id='word_1_105' title='bbox 43 999 139 1039; x_wconf 87' lang='lat' dir='ltr'><strong>mini</strong></span> <span class='ocrx_word' id='word_1_106' title='bbox 167 998 341 1038; x_wconf 86' lang='lat' dir='ltr'><strong>securum</strong></span> <span class='ocrx_word' id='word_1_107' title='bbox 365 997 540 1037; x_wconf 84' lang='lat' dir='ltr'><strong>adversus</strong></span> <span class='ocrx_word' id='word_1_108' title='bbox 567 997 800 1048; x_wconf 75' lang='lat' dir='ltr'><strong>percussores</strong></span> <span class='ocrx_word' id='word_1_109' title='bbox 826 996 1047 1046; x_wconf 80' lang='lat' dir='ltr'><strong>perfugium</strong></span> <span class='ocrx_word' id='word_1_110' title='bbox 1075 994 1230 1033; x_wconf 81' lang='lat' dir='ltr'><strong>dabant.</strong></span> 
     </span>
    </p>
   </div>
   <div class='ocr_carea' id='block_1_4' title="bbox 45 1065 1346 2302">
    <p class='ocr_par' dir='ltr' id='par_1_5' title="bbox 45 1065 1340 1741">
     <span class='ocr_line' id='line_1_16' title="bbox 101 1065 1332 1119; baseline -0.004 -9"><span class='ocrx_word' id='word_1_111' title='bbox 101 1071 250 1111; x_wconf 85' lang='lat' dir='ltr'>XXIV.</span> <span class='ocrx_word' id='word_1_112' title='bbox 288 1071 451 1119; x_wconf 77' lang='lat' dir='ltr'><strong>Eratque</strong></span> <span class='ocrx_word' id='word_1_113' title='bbox 482 1082 661 1108; x_wconf 88' lang='lat' dir='ltr'><strong>numerus</strong></span> <span class='ocrx_word' id='word_1_114' title='bbox 691 1069 849 1118; x_wconf 77' lang='lat' dir='ltr'><strong>exiguus</strong></span> <span class='ocrx_word' id='word_1_115' title='bbox 882 1079 950 1118; x_wconf 86' lang='lat' dir='ltr'><strong>per</strong></span> <span class='ocrx_word' id='word_1_116' title='bbox 976 1068 1071 1106; x_wconf 83' lang='lat' dir='ltr'><strong>iram</strong></span> <span class='ocrx_word' id='word_1_117' title='bbox 1100 1074 1165 1105; x_wconf 82' lang='lat' dir='ltr'><strong>aut</strong></span> <span class='ocrx_word' id='word_1_118' title='bbox 1196 1065 1332 1105; x_wconf 88' lang='lat' dir='ltr'><strong>odium</strong></span> 
     </span>
     <span class='ocr_line' id='line_1_17' title="bbox 45 1124 1332 1182; baseline -0.003 -10"><span class='ocrx_word' id='word_1_119' title='bbox 45 1133 197 1172; x_wconf 68' lang='lat' dir='ltr'><strong>victoris</strong></span> <span class='ocrx_word' id='word_1_120' title='bbox 219 1132 462 1182; x_wconf 82' lang='lat' dir='ltr'><strong>pereuntium</strong></span> <span class='ocrx_word' id='word_1_121' title='bbox 478 1162 489 1180; x_wconf 91' lang='lat'>,</span> <span class='ocrx_word' id='word_1_122' title='bbox 522 1144 598 1182; x_wconf 78' lang='lat' dir='ltr'><strong>prae</strong></span> <span class='ocrx_word' id='word_1_123' title='bbox 624 1130 871 1169; x_wconf 84' lang='lat' dir='ltr'><strong>multitudine</strong></span> <span class='ocrx_word' id='word_1_124' title='bbox 899 1142 1053 1178; x_wconf 77' lang='lat' dir='ltr'><strong>eorum,</strong></span> <span class='ocrx_word' id='word_1_125' title='bbox 1088 1130 1152 1181; x_wconf 86' lang='lat' dir='ltr'><strong>qui</strong></span> <span class='ocrx_word' id='word_1_126' title='bbox 1172 1124 1332 1169; x_wconf 81' lang='lat' dir='ltr'><strong>faculta-</strong></span> 
     </span>
     <span class='ocr_line' id='line_1_18' title="bbox 46 1193 1334 1244; baseline -0.002 -10"><span class='ocrx_word' id='word_1_127' title='bbox 46 1204 129 1234; x_wconf 88' lang='lat' dir='ltr'><strong>tum</strong></span> <span class='ocrx_word' id='word_1_128' title='bbox 154 1195 263 1234; x_wconf 78' lang='lat' dir='ltr'><strong>causa</strong></span> <span class='ocrx_word' id='word_1_129' title='bbox 288 1194 535 1233; x_wconf 66' lang='lat' dir='ltr'><strong>necabantur.</strong></span> <span class='ocrx_word' id='word_1_130' title='bbox 579 1207 740 1244; x_wconf 88' lang='lat' dir='ltr'><strong>quorum</strong></span> <span class='ocrx_word' id='word_1_131' title='bbox 767 1195 880 1233; x_wconf 87' lang='lat' dir='ltr'><strong>ctiam</strong></span> <span class='ocrx_word' id='word_1_132' title='bbox 906 1207 974 1244; x_wconf 86' lang='lat' dir='ltr'><strong>per</strong></span> <span class='ocrx_word' id='word_1_133' title='bbox 996 1193 1334 1233; x_wconf 80' lang='lat' dir='ltr'><strong>nomenclatorem</strong></span> 
     </span>
     <span class='ocr_line' id='line_1_19' title="bbox 47 1257 1333 1309; baseline -0.001 -12"><span class='ocrx_word' id='word_1_134' title='bbox 47 1258 259 1309; x_wconf 81' lang='lat' dir='ltr'><strong>conquifita</strong></span> <span class='ocrx_word' id='word_1_135' title='bbox 293 1258 452 1296; x_wconf 84' lang='lat' dir='ltr'><strong>nomina</strong></span> <span class='ocrx_word' id='word_1_136' title='bbox 486 1257 624 1296; x_wconf 75' lang='lat' dir='ltr'><strong>tabulae</strong></span> <span class='ocrx_word' id='word_1_137' title='bbox 650 1257 936 1308; x_wconf 82' lang='lat' dir='ltr'><strong>proscriptionis</strong></span> <span class='ocrx_word' id='word_1_138' title='bbox 965 1268 1148 1308; x_wconf 76' lang='lat' dir='ltr'><strong>tyrannus</strong></span> <span class='ocrx_word' id='word_1_139' title='bbox 1180 1257 1333 1305; x_wconf 62' lang='lat' dir='ltr'><strong>adiecit.</strong></span> 
     </span>
     <span class='ocr_line' id='line_1_20' title="bbox 49 1317 1335 1370; baseline -0.003 -10"><span class='ocrx_word' id='word_1_140' title='bbox 49 1321 98 1370; x_wconf 80' lang='lat' dir='ltr'>Q</span> <span class='ocrx_word' id='word_1_141' title='bbox 118 1319 314 1366; x_wconf 83' lang='lat' dir='ltr'><strong>Aurelius,</strong></span> <span class='ocrx_word' id='word_1_142' title='bbox 336 1319 393 1357; x_wconf 88' lang='lat' dir='ltr'><strong>vir</strong></span> <span class='ocrx_word' id='word_1_143' title='bbox 412 1319 529 1369; x_wconf 86' lang='lat' dir='ltr'><strong>quieti</strong></span> <span class='ocrx_word' id='word_1_144' title='bbox 554 1319 698 1367; x_wconf 78' lang='lat' dir='ltr'><strong>animi,</strong></span> <span class='ocrx_word' id='word_1_145' title='bbox 726 1320 762 1358; x_wconf 62' lang='grc' dir='ltr'><strong>ἃ</strong></span> <span class='ocrx_word' id='word_1_146' title='bbox 783 1318 1016 1357; x_wconf 80' lang='lat' dir='ltr'><strong>conscientia</strong></span> <span class='ocrx_word' id='word_1_147' title='bbox 1039 1317 1217 1364; x_wconf 80' lang='lat' dir='ltr'><strong>securus,</strong></span> <span class='ocrx_word' id='word_1_148' title='bbox 1243 1329 1335 1356; x_wconf 88' lang='lat' dir='ltr'><strong>cum</strong></span> 
     </span>
     <span class='ocr_line' id='line_1_21' title="bbox 49 1378 1338 1430; baseline -0.001 -11"><span class='ocrx_word' id='word_1_149' title='bbox 49 1388 200 1421; x_wconf 74' lang='lat' dir='ltr'><strong>tantum</strong></span> <span class='ocrx_word' id='word_1_150' title='bbox 230 1379 397 1418; x_wconf 86' lang='lat' dir='ltr'><strong>aliorum</strong></span> <span class='ocrx_word' id='word_1_151' title='bbox 428 1379 497 1418; x_wconf 81' lang='lat' dir='ltr'><strong>fibi</strong></span> <span class='ocrx_word' id='word_1_152' title='bbox 528 1378 736 1419; x_wconf 83' lang='lat' dir='ltr'><strong>dolendam</strong></span> <span class='ocrx_word' id='word_1_153' title='bbox 761 1380 884 1419; x_wconf 84' lang='lat' dir='ltr'><strong>vicem</strong></span> <span class='ocrx_word' id='word_1_154' title='bbox 916 1387 1092 1430; x_wconf 81' lang='lat' dir='ltr'><strong>putaret,</strong></span> <span class='ocrx_word' id='word_1_155' title='bbox 1118 1379 1224 1419; x_wconf 71' lang='lat' dir='ltr'><strong>leffls</strong></span> <span class='ocrx_word' id='word_1_156' title='bbox 1248 1393 1338 1430; x_wconf 88' lang='lat' dir='ltr'><strong>pro-</strong></span> 
     </span>
     <span class='ocr_line' id='line_1_22' title="bbox 52 1443 1335 1494; baseline 0.001 -13"><span class='ocrx_word' id='word_1_157' title='bbox 52 1443 284 1493; x_wconf 80' lang='lat' dir='ltr'><strong>scriptorum</strong></span> <span class='ocrx_word' id='word_1_158' title='bbox 307 1443 549 1491; x_wconf 85' lang='lat' dir='ltr'><strong>nominibus,</strong></span> <span class='ocrx_word' id='word_1_159' title='bbox 574 1455 663 1483; x_wconf 88' lang='lat' dir='ltr'><strong>cum</strong></span> <span class='ocrx_word' id='word_1_160' title='bbox 688 1443 726 1482; x_wconf 87' lang='lat' dir='ltr'><strong>se</strong></span> <span class='ocrx_word' id='word_1_161' title='bbox 742 1456 894 1494; x_wconf 85' lang='lat' dir='ltr'><strong>quoque</strong></span> <span class='ocrx_word' id='word_1_162' title='bbox 911 1443 1060 1483; x_wconf 83' lang='lat' dir='ltr'><strong>videret</strong></span> <span class='ocrx_word' id='word_1_163' title='bbox 1077 1443 1335 1493; x_wconf 83' lang='lat' dir='ltr'><strong>adscriptum,</strong></span> 
     </span>
     <span class='ocr_line' id='line_1_23' title="bbox 56 1507 1337 1559; baseline -0.001 -14"><span class='ocrx_word' id='word_1_164' title='bbox 56 1509 117 1545; x_wconf 75' lang='lat' dir='ltr'><strong>Vae</strong></span> <span class='ocrx_word' id='word_1_165' title='bbox 151 1508 270 1559; x_wconf 82' lang='lat' dir='ltr'><strong>misero</strong></span> <span class='ocrx_word' id='word_1_166' title='bbox 294 1508 404 1555; x_wconf 76' lang='lat' dir='ltr'><strong>mihi,</strong></span> <span class='ocrx_word' id='word_1_167' title='bbox 432 1507 583 1557; x_wconf 86' lang='lat' dir='ltr'><strong>inquit,</strong></span> <span class='ocrx_word' id='word_1_168' title='bbox 599 1507 739 1559; x_wconf 83' lang='lat' dir='ltr'><strong>fundus</strong></span> <span class='ocrx_word' id='word_1_169' title='bbox 758 1508 929 1546; x_wconf 79' lang='lat' dir='ltr'><strong>Albanus</strong></span> <span class='ocrx_word' id='word_1_170' title='bbox 953 1522 1004 1545; x_wconf 88' lang='lat' dir='ltr'><strong>me</strong></span> <span class='ocrx_word' id='word_1_171' title='bbox 1023 1507 1239 1559; x_wconf 59' lang='lat' dir='ltr'><strong>persequitur.</strong></span> <span class='ocrx_word' id='word_1_172' title='bbox 1270 1518 1337 1544; x_wconf 85' lang='lat' dir='ltr'><strong>ne-</strong></span> 
     </span>
     <span class='ocr_line' id='line_1_24' title="bbox 50 1567 1340 1619; baseline -0.002 -12"><span class='ocrx_word' id='word_1_173' title='bbox 50 1581 124 1618; x_wconf 87' lang='lat' dir='ltr'><strong>que</strong></span> <span class='ocrx_word' id='word_1_174' title='bbox 144 1567 260 1619; x_wconf 85' lang='lat' dir='ltr'><strong>longe</strong></span> <span class='ocrx_word' id='word_1_175' title='bbox 285 1568 496 1619; x_wconf 73' lang='lat' dir='ltr'><strong>progressus</strong></span> <span class='ocrx_word' id='word_1_176' title='bbox 510 1599 521 1615; x_wconf 82' lang='lat'>,</span> <span class='ocrx_word' id='word_1_177' title='bbox 549 1582 571 1608; x_wconf 84' lang='lat' dir='ltr'>a</span> <span class='ocrx_word' id='word_1_178' title='bbox 593 1569 787 1618; x_wconf 72' lang='lat' dir='ltr'><strong>quodam,</strong></span> <span class='ocrx_word' id='word_1_179' title='bbox 808 1569 872 1619; x_wconf 90' lang='lat' dir='ltr'><strong>qui</strong></span> <span class='ocrx_word' id='word_1_180' title='bbox 893 1581 983 1607; x_wconf 90' lang='lat' dir='ltr'><strong>eum</strong></span> <span class='ocrx_word' id='word_1_181' title='bbox 1002 1575 1230 1618; x_wconf 79' lang='lat' dir='ltr'><strong>agnoverat,</strong></span> <span class='ocrx_word' id='word_1_182' title='bbox 1252 1580 1340 1617; x_wconf 88' lang='lat' dir='ltr'><strong>per-</strong></span> 
     </span>
     <span class='ocr_line' id='line_1_25' title="bbox 50 1627 1340 1680; baseline -0.003 -11"><span class='ocrx_word' id='word_1_183' title='bbox 50 1629 173 1669; x_wconf 79' lang='lat' dir='ltr'><strong>cuffus</strong></span> <span class='ocrx_word' id='word_1_184' title='bbox 201 1630 265 1669; x_wconf 88' lang='lat' dir='ltr'><strong>est.</strong></span> <span class='ocrx_word' id='word_1_185' title='bbox 297 1630 480 1680; x_wconf 87' lang='lat' dir='ltr'><strong>idemque</strong></span> <span class='ocrx_word' id='word_1_186' title='bbox 514 1629 588 1669; x_wconf 79' lang='lat' dir='ltr'><strong>five</strong></span> <span class='ocrx_word' id='word_1_187' title='bbox 618 1629 748 1680; x_wconf 86' lang='lat' dir='ltr'><strong>Lollii,</strong></span> <span class='ocrx_word' id='word_1_188' title='bbox 778 1631 851 1671; x_wconf 87' lang='lat' dir='ltr'><strong>five</strong></span> <span class='ocrx_word' id='word_1_189' title='bbox 873 1629 1072 1680; x_wconf 82' lang='lat' dir='ltr'><strong>cujusdam</strong></span> <span class='ocrx_word' id='word_1_190' title='bbox 1097 1627 1251 1668; x_wconf 83' lang='lat' dir='ltr'><strong>alterius</strong></span> <span class='ocrx_word' id='word_1_191' title='bbox 1275 1627 1340 1666; x_wconf 82' lang='lat' dir='ltr'><strong>fa-</strong></span> 
     </span>
     <span class='ocr_line' id='line_1_26' title="bbox 54 1694 619 1741; baseline 0 -8"><span class='ocrx_word' id='word_1_192' title='bbox 54 1701 166 1741; x_wconf 80' lang='lat' dir='ltr'><strong>tum,</strong></span> <span class='ocrx_word' id='word_1_193' title='bbox 196 1694 263 1734; x_wconf 87' lang='lat' dir='ltr'><strong>sed</strong></span> <span class='ocrx_word' id='word_1_194' title='bbox 291 1707 337 1733; x_wconf 75' lang='lat' dir='ltr'><strong>ex</strong></span> <span class='ocrx_word' id='word_1_195' title='bbox 364 1695 499 1733; x_wconf 85' lang='lat' dir='ltr'><strong>merito</strong></span> <span class='ocrx_word' id='word_1_196' title='bbox 530 1694 619 1734; x_wconf 86' lang='lat' dir='ltr'><strong>fuit.</strong></span> 
     </span>
    </p>

    <p class='ocr_par' dir='ltr' id='par_1_6' title="bbox 50 1755 1346 2302">
     <span class='ocr_line' id='line_1_27' title="bbox 107 1755 1339 1810; baseline -0.002 -12"><span class='ocrx_word' id='word_1_197' title='bbox 107 1758 236 1798; x_wconf 85' lang='lat' dir='ltr'>XXV.</span> <span class='ocrx_word' id='word_1_198' title='bbox 270 1759 305 1798; x_wconf 89' lang='lat' dir='ltr'><strong>Is</strong></span> <span class='ocrx_word' id='word_1_199' title='bbox 331 1758 508 1810; x_wconf 70' lang='lat' dir='ltr'><strong>singulari</strong></span> <span class='ocrx_word' id='word_1_200' title='bbox 534 1759 721 1809; x_wconf 81' lang='lat' dir='ltr'><strong>pravitate</strong></span> <span class='ocrx_word' id='word_1_201' title='bbox 744 1759 887 1809; x_wconf 84' lang='lat' dir='ltr'><strong>ingenii</strong></span> <span class='ocrx_word' id='word_1_202' title='bbox 913 1759 1012 1798; x_wconf 88' lang='lat' dir='ltr'><strong>inter</strong></span> <span class='ocrx_word' id='word_1_203' title='bbox 1034 1756 1186 1797; x_wconf 81' lang='lat' dir='ltr'><strong>turbam</strong></span> <span class='ocrx_word' id='word_1_204' title='bbox 1215 1757 1256 1795; x_wconf 85' lang='lat' dir='ltr'><strong>in</strong></span> <span class='ocrx_word' id='word_1_205' title='bbox 1281 1755 1339 1795; x_wconf 43' lang='lat' dir='ltr'><strong>foa</strong></span> 
     </span>
     <span class='ocr_line' id='line_1_28' title="bbox 51 1820 1339 1873; baseline -0.003 -14"><span class='ocrx_word' id='word_1_206' title='bbox 51 1833 136 1860; x_wconf 80' lang='lat' dir='ltr'><strong>rum</strong></span> <span class='ocrx_word' id='word_1_207' title='bbox 166 1821 215 1860; x_wconf 82' lang='lat' dir='ltr'><strong>ad</strong></span> <span class='ocrx_word' id='word_1_208' title='bbox 243 1821 446 1873; x_wconf 80' lang='lat' dir='ltr'><strong>legendam</strong></span> <span class='ocrx_word' id='word_1_209' title='bbox 480 1822 651 1861; x_wconf 78' lang='lat' dir='ltr'><strong>tabulam</strong></span> <span class='ocrx_word' id='word_1_210' title='bbox 681 1822 842 1872; x_wconf 74' lang='lat' dir='ltr'><strong>gestIens</strong></span> <span class='ocrx_word' id='word_1_211' title='bbox 870 1828 1135 1872; x_wconf 79' lang='lat' dir='ltr'><strong>procurrerat,</strong></span> <span class='ocrx_word' id='word_1_212' title='bbox 1169 1820 1204 1858; x_wconf 79' lang='lat'>&amp;</span> <span class='ocrx_word' id='word_1_213' title='bbox 1235 1830 1339 1868; x_wconf 89' lang='lat' dir='ltr'><strong>quo-</strong></span> 
     </span>
     <span class='ocr_line' id='line_1_29' title="bbox 51 1874 1342 1935; baseline -0.004 -13"><span class='ocrx_word' id='word_1_214' title='bbox 51 1897 142 1923; x_wconf 77' lang='lat' dir='ltr'><strong>rum</strong></span> <span class='ocrx_word' id='word_1_215' title='bbox 169 1884 362 1934; x_wconf 77' lang='lat' dir='ltr'><strong>proposita</strong></span> <span class='ocrx_word' id='word_1_216' title='bbox 389 1887 548 1924; x_wconf 78' lang='lat' dir='ltr'><strong>nomina</strong></span> <span class='ocrx_word' id='word_1_217' title='bbox 573 1885 767 1935; x_wconf 70' lang='lat' dir='ltr'><strong>cognosset</strong></span> <span class='ocrx_word' id='word_1_218' title='bbox 783 1915 795 1930; x_wconf 93' lang='lat'>,</span> <span class='ocrx_word' id='word_1_219' title='bbox 821 1883 860 1921; x_wconf 91' lang='lat' dir='ltr'><strong>in</strong></span> <span class='ocrx_word' id='word_1_220' title='bbox 888 1895 954 1922; x_wconf 86' lang='lat' dir='ltr'><strong>eos</strong></span> <span class='ocrx_word' id='word_1_221' title='bbox 985 1881 1105 1921; x_wconf 87' lang='lat' dir='ltr'><strong>multa</strong></span> <span class='ocrx_word' id='word_1_222' title='bbox 1131 1874 1342 1920; x_wconf 84' lang='lat' dir='ltr'><strong>contume-</strong></span> 
     </span>
     <span class='ocr_line' id='line_1_30' title="bbox 50 1940 1343 1994; baseline -0.004 -11"><span class='ocrx_word' id='word_1_223' title='bbox 50 1944 146 1984; x_wconf 85' lang='lat' dir='ltr'><strong>liose</strong></span> <span class='ocrx_word' id='word_1_224' title='bbox 172 1945 349 1993; x_wconf 86' lang='lat' dir='ltr'><strong>dicebat,</strong></span> <span class='ocrx_word' id='word_1_225' title='bbox 382 1945 603 1994; x_wconf 81' lang='lat' dir='ltr'><strong>calamitate</strong></span> <span class='ocrx_word' id='word_1_226' title='bbox 627 1946 852 1985; x_wconf 89' lang='lat' dir='ltr'><strong>miserorum</strong></span> <span class='ocrx_word' id='word_1_227' title='bbox 881 1944 1063 1994; x_wconf 84' lang='lat' dir='ltr'><strong>gaudens.</strong></span> <span class='ocrx_word' id='word_1_228' title='bbox 1093 1942 1207 1993; x_wconf 82' lang='lat' dir='ltr'><strong>igitur</strong></span> <span class='ocrx_word' id='word_1_229' title='bbox 1236 1940 1343 1979; x_wconf 70' lang='lat' dir='ltr'><strong>huno</strong></span> 
     </span>
     <span class='ocr_line' id='line_1_31' title="bbox 53 2003 1345 2058; baseline -0.005 -12"><span class='ocrx_word' id='word_1_230' title='bbox 53 2007 178 2046; x_wconf 79' lang='lat' dir='ltr'><strong>statim</strong></span> <span class='ocrx_word' id='word_1_231' title='bbox 205 2007 335 2047; x_wconf 81' lang='lat' dir='ltr'><strong>divina</strong></span> <span class='ocrx_word' id='word_1_232' title='bbox 364 2007 548 2058; x_wconf 89' lang='lat' dir='ltr'><strong>corripuit</strong></span> <span class='ocrx_word' id='word_1_233' title='bbox 587 2006 711 2046; x_wconf 88' lang='lat' dir='ltr'><strong>ultio:</strong></span> <span class='ocrx_word' id='word_1_234' title='bbox 744 2017 911 2055; x_wconf 86' lang='lat' dir='ltr'><strong>namque</strong></span> <span class='ocrx_word' id='word_1_235' title='bbox 943 2005 1036 2043; x_wconf 89' lang='lat' dir='ltr'><strong>dum</strong></span> <span class='ocrx_word' id='word_1_236' title='bbox 1063 2003 1228 2053; x_wconf 78' lang='lat' dir='ltr'><strong>legendo</strong></span> <span class='ocrx_word' id='word_1_237' title='bbox 1263 2014 1345 2040; x_wconf 87' lang='lat' dir='ltr'><strong>car-</strong></span> 
     </span>
     <span class='ocr_line' id='line_1_32' title="bbox 55 2063 1344 2119; baseline -0.003 -14"><span class='ocrx_word' id='word_1_238' title='bbox 55 2068 261 2119; x_wconf 86' lang='lat' dir='ltr'><strong>pendoque</strong></span> <span class='ocrx_word' id='word_1_239' title='bbox 289 2068 453 2119; x_wconf 77' lang='lat' dir='ltr'><strong>singulos</strong></span> <span class='ocrx_word' id='word_1_240' title='bbox 475 2069 627 2119; x_wconf 87' lang='lat' dir='ltr'><strong>pergit,</strong></span> <span class='ocrx_word' id='word_1_241' title='bbox 647 2068 758 2106; x_wconf 88' lang='lat' dir='ltr'><strong>suum</strong></span> <span class='ocrx_word' id='word_1_242' title='bbox 787 2067 827 2104; x_wconf 89' lang='lat' dir='ltr'><strong>in</strong></span> <span class='ocrx_word' id='word_1_243' title='bbox 851 2066 930 2104; x_wconf 84' lang='lat' dir='ltr'><strong>ima</strong></span> <span class='ocrx_word' id='word_1_244' title='bbox 949 2064 1081 2105; x_wconf 82' lang='lat' dir='ltr'><strong>tabula</strong></span> <span class='ocrx_word' id='word_1_245' title='bbox 1109 2063 1344 2114; x_wconf 82' lang='lat' dir='ltr'><strong>adscriptum</strong></span> 
     </span>
     <span class='ocr_line' id='line_1_33' title="bbox 55 2123 1346 2180; baseline -0.006 -11"><span class='ocrx_word' id='word_1_246' title='bbox 55 2142 201 2169; x_wconf 88' lang='lat' dir='ltr'><strong>nomen</strong></span> <span class='ocrx_word' id='word_1_247' title='bbox 233 2130 348 2169; x_wconf 87' lang='lat' dir='ltr'><strong>videt.</strong></span> <span class='ocrx_word' id='word_1_248' title='bbox 390 2142 504 2180; x_wconf 89' lang='lat' dir='ltr'><strong>quare</strong></span> <span class='ocrx_word' id='word_1_249' title='bbox 541 2137 648 2167; x_wconf 83' lang='lat' dir='ltr'><strong>metu</strong></span> <span class='ocrx_word' id='word_1_250' title='bbox 676 2127 969 2174; x_wconf 83' lang='lat' dir='ltr'><strong>obmutescens,</strong></span> <span class='ocrx_word' id='word_1_251' title='bbox 1009 2137 1099 2164; x_wconf 88' lang='lat' dir='ltr'><strong>cum</strong></span> <span class='ocrx_word' id='word_1_252' title='bbox 1142 2124 1180 2163; x_wconf 81' lang='lat' dir='ltr'><strong>se</strong></span> <span class='ocrx_word' id='word_1_253' title='bbox 1219 2123 1346 2174; x_wconf 83' lang='lat' dir='ltr'><strong>capite</strong></span> 
     </span>
     <span class='ocr_line' id='line_1_34' title="bbox 57 2181 1345 2240; baseline -0.008 -10"><span class='ocrx_word' id='word_1_254' title='bbox 57 2182 243 2240; x_wconf 75' lang='lat' dir='ltr'><strong>adoperto</strong></span> <span class='ocrx_word' id='word_1_255' title='bbox 260 2190 513 2239; x_wconf 86' lang='lat' dir='ltr'><strong>subduceret,</strong></span> <span class='ocrx_word' id='word_1_256' title='bbox 530 2181 680 2240; x_wconf 79' lang='lat' dir='ltr'><strong>agnitus</strong></span> <span class='ocrx_word' id='word_1_257' title='bbox 695 2219 705 2236; x_wconf 73' lang='lat'><em>‚</em></span> <span class='ocrx_word' id='word_1_258' title='bbox 724 2191 760 2229; x_wconf 69' lang='grc' dir='ltr'><strong>δε</strong></span> <span class='ocrx_word' id='word_1_259' title='bbox 785 2202 806 2228; x_wconf 92' lang='lat' dir='ltr'><strong>e</strong></span> <span class='ocrx_word' id='word_1_260' title='bbox 831 2187 986 2238; x_wconf 84' lang='lat' dir='ltr'><strong>vestigio</strong></span> <span class='ocrx_word' id='word_1_261' title='bbox 1000 2217 1011 2233; x_wconf 79' lang='lat'><strong>.,</strong></span> <span class='ocrx_word' id='word_1_262' title='bbox 1031 2184 1259 2230; x_wconf 72' lang='lat' dir='ltr'><strong>laetantibus,</strong></span> <span class='ocrx_word' id='word_1_263' title='bbox 1280 2181 1345 2233; x_wconf 85' lang='lat' dir='ltr'><strong>qui</strong></span> 
     </span>
     <span class='ocr_line' id='line_1_35' title="bbox 57 2247 1342 2302; baseline -0.009 -9"><span class='ocrx_word' id='word_1_264' title='bbox 57 2253 303 2302; x_wconf 78' lang='lat' dir='ltr'><strong>adstiterant,</strong></span> <span class='ocrx_word' id='word_1_265' title='bbox 329 2253 532 2301; x_wconf 80' lang='lat' dir='ltr'><strong>omnibus,</strong></span> <span class='ocrx_word' id='word_1_266' title='bbox 555 2250 750 2291; x_wconf 74' lang='lat' dir='ltr'><strong>confossus</strong></span> <span class='ocrx_word' id='word_1_267' title='bbox 780 2250 844 2290; x_wconf 88' lang='lat' dir='ltr'><strong>est.</strong></span> <span class='ocrx_word' id='word_1_268' title='bbox 880 2250 979 2290; x_wconf 85' lang='lat' dir='ltr'><strong>Inde</strong></span> <span class='ocrx_word' id='word_1_269' title='bbox 998 2247 1111 2286; x_wconf 83' lang='lat' dir='ltr'><strong>latior</strong></span> <span class='ocrx_word' id='word_1_270' title='bbox 1141 2248 1182 2285; x_wconf 90' lang='lat' dir='ltr'><strong>in</strong></span> <span class='ocrx_word' id='word_1_271' title='bbox 1207 2255 1342 2284; x_wconf 83' lang='lat' dir='ltr'><strong>omnes</strong></span> 
     </span>
    </p>
   </div>
   <div class='ocr_carea' id='block_1_5' title="bbox 60 2373 1346 2479">
    <p class='ocr_par' dir='ltr' id='par_1_7' title="bbox 60 2373 1346 2479">
     <span class='ocr_line' id='line_1_36' title="bbox 103 2373 1346 2423; baseline -0.005 -10"><span class='ocrx_word' id='word_1_272' title='bbox 103 2378 125 2422; x_wconf 49' lang='grc' dir='ltr'><strong>,Ε</strong></span> <span class='ocrx_word' id='word_1_273' title='bbox 155 2379 264 2413; x_wconf 85' lang='lat' dir='ltr'>XXII.</span> <span class='ocrx_word' id='word_1_274' title='bbox 286 2380 432 2423; x_wconf 74' lang='lat' dir='ltr'><strong>Appiam</strong></span> <span class='ocrx_word' id='word_1_275' title='bbox 448 2379 579 2413; x_wconf 68' lang='lat' dir='ltr'><strong>civim.</strong></span> <span class='ocrx_word' id='word_1_276' title='bbox 599 2378 731 2412; x_wconf 83' lang='lat' dir='ltr'><strong>1.Plut.</strong></span> <span class='ocrx_word' id='word_1_277' title='bbox 750 2376 875 2421; x_wconf 82' lang='lat' dir='ltr'><strong>Vellej.</strong></span> <span class='ocrx_word' id='word_1_278' title='bbox 897 2387 936 2418; x_wconf 84' lang='lat'><strong>2,</strong></span> <span class='ocrx_word' id='word_1_279' title='bbox 959 2375 1013 2408; x_wconf 86' lang='lat'><strong>28.</strong></span> <span class='ocrx_word' id='word_1_280' title='bbox 1035 2375 1114 2407; x_wconf 78' lang='lat' dir='ltr'><strong>Val.</strong></span> <span class='ocrx_word' id='word_1_281' title='bbox 1140 2373 1233 2406; x_wconf 81' lang='lat' dir='ltr'>Max.</span> <span class='ocrx_word' id='word_1_282' title='bbox 1254 2373 1346 2407; x_wconf 59' lang='lat' dir='ltr'><strong>Hor„</strong></span> 
     </span>
     <span class='ocr_line' id='line_1_37' title="bbox 60 2428 1342 2479; baseline -0.005 -11"><span class='ocrx_word' id='word_1_283' title='bbox 60 2434 238 2479; x_wconf 69' lang='lat' dir='ltr'><strong>Augustin.</strong></span> <span class='ocrx_word' id='word_1_284' title='bbox 257 2434 298 2468; x_wconf 88' lang='lat' dir='ltr'><strong>de</strong></span> <span class='ocrx_word' id='word_1_285' title='bbox 317 2434 385 2469; x_wconf 83' lang='lat' dir='ltr'><strong>civ.</strong></span> <span class='ocrx_word' id='word_1_286' title='bbox 397 2434 442 2468; x_wconf 89' lang='lat' dir='ltr'><strong>D.</strong></span> <span class='ocrx_word' id='word_1_287' title='bbox 463 2434 644 2479; x_wconf 82' lang='lat' dir='ltr'><strong>Liv.Epit.</strong></span> <span class='ocrx_word' id='word_1_288' title='bbox 669 2434 690 2478; x_wconf 68' lang='lat'><strong>5</strong></span> <span class='ocrx_word' id='word_1_289' title='bbox 712 2433 842 2469; x_wconf 87' lang='lat' dir='ltr'>XXIV.</span> <span class='ocrx_word' id='word_1_290' title='bbox 864 2430 964 2465; x_wconf 89' lang='lat' dir='ltr'><strong>Oros.</strong></span> <span class='ocrx_word' id='word_1_291' title='bbox 989 2430 1131 2464; x_wconf 85' lang='lat' dir='ltr'><strong>Diodor.</strong></span> <span class='ocrx_word' id='word_1_292' title='bbox 1149 2442 1202 2474; x_wconf 86' lang='lat' dir='ltr'><strong>ap.</strong></span> <span class='ocrx_word' id='word_1_293' title='bbox 1226 2428 1342 2463; x_wconf 65' lang='lat' dir='ltr'><strong>Vates.</strong></span> 
     </span>
    </p>
   </div>
  </div>
 </body>
</html>
